tid,amount,date,price,type
1,0.011364,2014-03-29 13:36:43,4400.0,sell
2,0.5,2014-03-30 18:14:32,1500.0,buy
3,0.30000001,2014-03-30 18:25:55,1495.0,buy
4,0.30000001,2014-03-30 18:27:35,1495.0,buy
5,0.30000001,2014-03-30 18:30:42,1491.0,sell
6,0.22,2014-03-30 18:37:49,1487.0,buy
7,0.145,2014-03-30 18:38:01,1489.0,buy
8,0.05,2014-03-30 18:39:27,1480.0,sell
9,0.059000000000000004,2014-03-30 18:39:33,1470.0,sell
10,0.30000001,2014-03-30 18:42:24,1495.0,buy
11,0.2,2014-03-30 19:03:10,1465.0,sell
12,1.58530998,2014-03-30 19:54:30,1492.0,buy
13,0.1,2014-03-30 19:58:04,1495.0,buy
14,0.08,2014-03-30 20:03:54,1589.0,buy
15,0.17,2014-03-30 20:07:11,1498.0,sell
16,0.0285714,2014-03-31 00:29:32,1750.0,buy
17,0.20999999,2014-03-31 23:17:31,1520.0,buy
18,0.06,2014-03-31 23:17:31,1517.0,buy
19,0.06,2014-04-01 10:27:10,1520.0,buy
20,0.08,2014-04-01 10:27:39,1524.5,buy
21,0.13,2014-04-01 10:27:55,1525.0,buy
22,0.035,2014-04-02 07:39:05,1531.0,buy
23,0.034,2014-04-02 07:51:21,1519.0,sell
24,0.054866099999999994,2014-04-02 10:51:38,1531.0,buy
25,0.036000000000000004,2014-04-02 10:52:48,1519.0,sell
26,0.0639269,2014-04-02 11:14:21,1533.0,buy
27,0.0339525,2014-04-02 23:25:20,1475.0,sell
28,0.266047,2014-04-02 23:25:20,1472.0,sell
29,0.033,2014-04-03 05:29:11,1542.0,buy
30,0.035,2014-04-03 09:37:14,1472.0,sell
31,0.06072,2014-04-03 10:25:12,1472.0,sell
32,0.264685,2014-04-03 14:00:16,1430.0,sell
33,0.07,2014-04-03 15:41:09,1449.0,buy
34,0.084,2014-04-03 15:41:24,1450.0,buy
35,0.07,2014-04-03 15:41:35,1451.0,buy
36,0.13755699999999998,2014-04-03 15:43:55,1435.0,sell
37,0.19,2014-04-03 15:44:20,1455.0,buy
38,0.08800000000000001,2014-04-03 15:44:29,1542.0,buy
39,0.08,2014-04-03 15:44:40,1546.0,buy
40,0.25648001,2014-04-03 15:45:40,1438.0,buy
41,0.20999999,2014-04-03 15:46:06,1549.0,buy
42,0.31999999,2014-04-03 15:46:29,1554.0,buy
43,0.20999999,2014-04-03 15:49:12,1445.0,buy
44,0.20575300000000002,2014-04-03 15:49:50,1430.0,sell
45,0.21100000000000002,2014-04-03 16:00:24,1403.0,buy
46,0.0712758,2014-04-03 16:01:12,1403.0,buy
47,0.21969999,2014-04-03 16:02:09,1385.0,sell
48,0.1258,2014-04-03 16:02:09,1388.0,sell
49,0.2545,2014-04-03 16:02:09,1390.0,sell
50,0.52213502,2014-04-03 16:03:45,1386.0,buy
51,0.173724,2014-04-03 16:31:31,1403.0,buy
52,0.03729,2014-04-03 16:31:54,1385.0,sell
53,0.0446416,2014-04-03 16:32:03,1406.0,buy
54,0.16212299,2014-04-03 16:32:22,1383.0,sell
55,0.045237900000000004,2014-04-03 16:32:35,1383.0,sell
56,0.12549999,2014-04-03 16:35:25,1385.0,sell
57,0.26652801,2014-04-03 16:35:40,1383.0,sell
58,0.0362402,2014-04-03 16:36:41,1399.0,buy
59,0.56900001,2014-04-03 16:36:42,1400.0,buy
60,0.039735400000000004,2014-04-03 16:36:42,1400.0,buy
61,0.07496610000000001,2014-04-03 16:37:34,1383.0,sell
62,0.256888,2014-04-03 16:55:27,1382.0,sell
63,0.25470001,2014-04-03 16:56:02,1381.0,sell
64,0.058421400000000005,2014-04-03 16:56:02,1381.0,sell
65,0.69999999,2014-04-03 16:56:38,1390.0,buy
66,0.0935922,2014-04-03 16:57:49,1415.0,buy
67,0.0496324,2014-04-03 16:57:49,1422.0,buy
68,0.049625999999999997,2014-04-03 16:57:49,1410.0,buy
69,0.059951300000000006,2014-04-03 16:57:49,1419.0,buy
70,0.245,2014-04-03 17:01:50,1400.0,buy
71,0.245,2014-04-03 17:02:38,1400.0,buy
72,0.15899000000000002,2014-04-03 17:12:33,1410.0,sell
73,0.25658000000000003,2014-04-03 17:12:48,1406.0,sell
74,0.12569,2014-04-03 17:12:54,1405.0,sell
75,0.25549999,2014-04-03 17:12:59,1402.0,sell
76,0.0671786,2014-04-03 17:14:39,1381.0,sell
77,0.045,2014-04-03 19:56:44,1405.0,buy
78,0.051563599999999994,2014-04-03 19:57:04,1380.0,sell
79,0.0880142,2014-04-03 19:57:18,1380.0,sell
80,0.044291199999999996,2014-04-03 19:57:53,1380.0,sell
81,0.05458,2014-04-03 19:58:31,1405.0,buy
82,0.03521130000000001,2014-04-04 00:04:00,1420.0,buy
83,0.0879599,2014-04-04 10:47:20,1379.5,sell
84,0.12,2014-04-04 10:47:20,1380.0,sell
85,0.43546301,2014-04-04 10:48:34,1415.0,buy
86,0.08806489999999999,2014-04-04 10:48:34,1411.68,buy
87,0.12542,2014-04-04 10:50:04,1405.0,buy
88,0.08806489999999999,2014-04-04 11:03:14,1415.0,buy
89,0.0439351,2014-04-04 11:03:14,1415.0,buy
90,0.04,2014-04-04 11:04:08,1415.0,buy
91,0.046896,2014-04-04 11:52:56,1410.5,sell
92,0.20950399,2014-04-04 11:52:56,1410.0,sell
93,0.25639999,2014-04-04 11:53:10,1409.0,sell
94,0.1213,2014-04-04 11:54:01,1408.0,sell
95,0.0897,2014-04-04 11:54:01,1406.0,sell
96,0.0787,2014-04-04 11:54:22,1405.0,sell
97,0.1213,2014-04-04 11:54:22,1406.0,sell
98,0.1523,2014-04-04 12:10:00,1405.0,sell
99,0.155,2014-04-04 12:10:07,1399.0,sell
100,0.2,2014-04-04 12:10:18,1397.0,sell
358381,0.1078,2015-09-11 11:25:16,919.01,sell
358382,0.1078,2015-09-11 11:25:55,919.01,sell
358383,0.1078,2015-09-11 11:26:37,919.01,sell
358384,0.3802,2015-09-11 11:27:12,919.01,sell
358385,0.1079,2015-09-11 11:29:39,919.01,sell
358386,0.74610001,2015-09-11 11:37:37,919.01,sell
358387,0.84179997,2015-09-11 11:43:03,919.01,sell
358388,0.0182,2015-09-11 11:43:04,919.0,sell
358389,10.07479954,2015-09-11 11:47:21,921.0,sell
358390,0.92519999,2015-09-11 11:47:21,921.01,sell
358391,0.1077,2015-09-11 11:49:04,922.0,sell
358392,0.1078,2015-09-11 11:49:44,922.0,sell
358393,0.1078,2015-09-11 11:50:22,922.0,sell
358394,0.1078,2015-09-11 11:51:02,922.0,sell
358395,0.1078,2015-09-11 11:52:09,922.0,sell
358396,0.1078,2015-09-11 11:52:50,922.0,sell
358397,0.1078,2015-09-11 11:53:28,922.0,sell
358398,0.010807899999999999,2015-09-11 11:56:10,925.25,buy
358399,0.53978902,2015-09-11 11:59:10,922.0,sell
358400,0.53978902,2015-09-11 11:59:10,922.0,sell
358401,0.51700002,2015-09-11 12:01:07,922.0,sell
358402,0.30969,2015-09-11 12:03:12,922.0,sell
358403,0.30969,2015-09-11 12:03:12,922.0,sell
358404,0.39189801,2015-09-11 12:05:11,922.0,sell
358405,0.58012402,2015-09-11 12:06:10,922.0,sell
358406,0.26508799,2015-09-11 12:07:06,922.0,sell
358407,0.26508799,2015-09-11 12:07:06,922.0,sell
358408,0.1076,2015-09-11 12:07:47,922.0,sell
358409,0.1078,2015-09-11 12:08:33,922.0,sell
358410,1.0,2015-09-11 12:08:38,922.0,sell
358411,0.85754901,2015-09-11 12:09:12,922.0,sell
358412,0.1076,2015-09-11 12:09:17,922.0,sell
358413,0.1077,2015-09-11 12:09:57,922.0,sell
358414,1.09746003,2015-09-11 12:10:08,922.0,sell
358415,0.1077,2015-09-11 12:10:39,922.0,sell
358416,0.60012197,2015-09-11 12:11:08,922.0,sell
358417,0.60012197,2015-09-11 12:11:08,922.0,sell
358418,0.1077,2015-09-11 12:11:28,922.0,sell
358419,0.1077,2015-09-11 12:12:08,922.0,sell
358420,2.13977003,2015-09-11 12:12:13,922.0,sell
358421,1.06162,2015-09-11 12:12:13,921.0,sell
358422,0.1066,2015-09-11 12:12:51,921.0,sell
358423,3.49313998,2015-09-11 12:13:25,921.0,sell
358424,0.1077,2015-09-11 12:13:42,919.0,sell
358425,10.09570026,2015-09-11 12:14:41,920.0,sell
358426,0.61014199,2015-09-11 12:15:08,919.01,sell
358427,0.110115,2015-09-11 12:16:09,919.0,sell
358428,0.22985799999999998,2015-09-11 12:16:09,919.01,sell
358429,0.60854101,2015-09-11 12:17:06,920.0,sell
358430,0.95867997,2015-09-11 12:18:09,920.0,sell
358431,0.20333800000000002,2015-09-11 12:19:11,920.0,sell
358432,0.52785403,2015-09-11 12:20:06,920.0,sell
358433,0.53154898,2015-09-11 12:21:13,920.0,sell
358434,0.24310199999999998,2015-09-11 12:21:13,919.01,sell
358435,0.321098,2015-09-11 12:22:07,919.01,sell
358436,0.14316399,2015-09-11 12:22:07,919.0,sell
358437,0.63655901,2015-09-11 12:23:07,921.0,sell
358438,0.34516399999999997,2015-09-11 12:24:06,921.0,sell
358439,0.42367199,2015-09-11 12:25:08,921.0,sell
358440,0.93894601,2015-09-11 12:26:11,921.0,sell
358441,0.32256901,2015-09-11 12:27:09,921.0,sell
358442,0.74006701,2015-09-11 12:28:07,921.0,sell
358443,0.11133699999999999,2015-09-11 12:29:13,919.0,sell
358444,0.11451099999999999,2015-09-11 12:29:13,921.0,sell
358445,0.85030401,2015-09-11 12:30:12,919.0,sell
358446,0.37954199,2015-09-11 12:31:10,919.0,sell
358447,0.102397,2015-09-11 12:31:11,919.0,sell
358448,0.30099499,2015-09-11 12:32:08,919.0,sell
358449,0.59921998,2015-09-11 12:33:09,919.0,sell
358450,0.03838080000000001,2015-09-11 12:34:57,919.0,sell
358451,1.07694995,2015-09-11 12:35:06,919.0,sell
358452,0.61049998,2015-09-11 12:36:13,919.0,sell
358453,0.67061502,2015-09-11 12:37:12,919.0,sell
358454,0.361507,2015-09-11 12:38:10,919.0,sell
358455,0.87508303,2015-09-11 12:39:12,919.0,sell
358456,0.041252199999999996,2015-09-11 12:40:13,917.3,sell
358457,0.30719,2015-09-11 12:40:13,917.0,sell
358458,0.46118400000000004,2015-09-11 12:41:09,917.0,sell
358459,0.010917,2015-09-11 12:41:47,916.0,sell
358460,4.50443983,2015-09-11 12:42:02,916.0,sell
358461,0.010917,2015-09-11 12:42:10,914.01,sell
358462,0.27849999,2015-09-11 12:43:13,914.02,sell
358463,0.87880999,2015-09-11 12:43:13,914.01,sell
358464,0.1399,2015-09-11 12:44:08,914.02,sell
358465,0.45541899999999996,2015-09-11 12:44:09,914.01,sell
358466,0.0708,2015-09-11 12:45:06,914.02,sell
358467,0.51015401,2015-09-11 12:45:06,914.01,sell
358468,0.0353,2015-09-11 12:45:33,914.02,sell
358469,0.0169,2015-09-11 12:45:46,914.02,buy
358470,0.0169,2015-09-11 12:45:46,914.02,buy
358471,0.66935802,2015-09-11 12:46:12,914.0,sell
358472,2.85208988,2015-09-11 12:46:15,914.0,sell
358473,0.34163001,2015-09-11 12:47:08,912.0,sell
358474,0.59117001,2015-09-11 12:48:12,912.0,sell
358475,0.053538999999999996,2015-09-11 12:48:12,911.0,sell
358476,0.52518499,2015-09-11 12:49:10,911.0,sell
358477,0.73497999,2015-09-11 12:50:13,911.0,sell
358478,0.37365901,2015-09-11 12:51:08,911.0,sell
358479,0.58297098,2015-09-11 12:52:08,911.0,sell
358480,0.33077899,2015-09-11 12:53:10,911.0,sell
431137,0.88569301,2015-12-04 09:13:11,1451.0,buy
431138,0.097458,2015-12-04 09:14:06,1451.0,buy
431139,0.0467659,2015-12-04 09:15:12,1451.0,buy
431140,0.0467659,2015-12-04 09:15:12,1451.0,buy
431141,0.146018,2015-12-04 09:17:11,1446.0,sell
431142,0.339196,2015-12-04 09:18:06,1446.0,sell
431143,0.0813123,2015-12-04 09:19:06,1446.0,sell
431144,0.0813123,2015-12-04 09:19:07,1445.0,sell
431145,0.541453,2015-12-04 09:21:09,1447.0,buy
431146,0.70901603,2015-12-04 09:21:09,1447.0,buy
431147,0.30513901,2015-12-04 09:23:08,1449.0,buy
431148,0.18154199,2015-12-04 09:24:05,1449.0,buy
431149,0.11974,2015-12-04 09:25:12,1449.0,buy
431150,0.113671,2015-12-04 09:25:12,1449.0,buy
431151,0.47287601,2015-12-04 09:27:07,1446.0,sell
431152,0.16756301,2015-12-04 09:27:07,1447.0,sell
431153,0.1,2015-12-04 09:27:07,1447.01,sell
431154,0.229941,2015-12-04 09:29:11,1448.0,sell
431155,0.36224899,2015-12-04 09:30:09,1448.0,sell
431156,0.59103799,2015-12-04 09:32:09,1448.0,sell
431157,0.29843301,2015-12-04 09:32:09,1448.0,sell
431158,0.13549501,2015-12-04 09:33:13,1448.0,sell
431159,0.0344032,2015-12-04 09:34:07,1448.0,sell
431160,0.47745299,2015-12-04 09:36:09,1448.0,sell
431161,0.18585899,2015-12-04 09:37:10,1448.0,sell
431162,0.24166299,2015-12-04 09:37:10,1446.0,sell
431163,0.79154301,2015-12-04 09:38:06,1446.0,sell
431164,0.0379246,2015-12-04 09:40:07,1448.0,buy
431165,0.87621701,2015-12-04 09:44:08,1449.0,sell
431166,0.247484,2015-12-04 09:46:09,1450.0,sell
431167,0.18034101,2015-12-04 09:47:07,1450.0,sell
431168,0.0517133,2015-12-04 09:48:11,1450.0,sell
431169,0.15871701,2015-12-04 09:49:11,1450.0,sell
431170,0.65831399,2015-12-04 09:49:12,1449.0,sell
431171,0.52494401,2015-12-04 09:50:13,1449.0,buy
431172,0.0122674,2015-12-04 09:51:06,1449.0,buy
431173,0.0129079,2015-12-04 09:52:07,1449.0,buy
431174,0.0129079,2015-12-04 09:52:07,1449.0,buy
431175,0.298599,2015-12-04 09:54:12,1447.0,buy
431176,1.03261995,2015-12-04 09:56:12,1446.0,sell
431177,0.340074,2015-12-04 09:56:12,1446.0,sell
431178,0.0708494,2015-12-04 09:58:09,1446.0,sell
431179,0.28311801,2015-12-04 09:59:09,1447.0,buy
431180,0.21805,2015-12-04 10:02:07,1447.0,buy
431181,0.267795,2015-12-04 10:03:11,1448.0,buy
431182,0.121835,2015-12-04 10:03:11,1447.0,buy
431183,0.78220499,2015-12-04 10:04:10,1448.0,buy
431184,0.028017,2015-12-04 10:04:10,1451.0,buy
431185,0.97447097,2015-12-04 10:05:10,1455.0,sell
431186,1.20069003,2015-12-04 10:07:09,1455.0,sell
431187,0.13087399,2015-12-04 10:07:09,1455.0,sell
431188,0.107815,2015-12-04 10:08:07,1455.0,sell
431189,0.0485417,2015-12-04 10:09:09,1455.0,sell
431190,4.78649998,2015-12-04 10:13:54,1452.0,sell
431191,3.90965009,2015-12-04 10:25:05,1452.0,sell
431192,1.62685001,2015-12-04 10:42:13,1454.0,buy
431193,1.72057998,2015-12-04 10:42:13,1454.0,buy
431194,1.32751,2015-12-04 10:45:11,1458.0,sell
431195,1.17955005,2015-12-04 10:46:11,1458.0,sell
431196,0.58977598,2015-12-04 10:51:07,1458.0,sell
431197,2.50465989,2015-12-04 10:51:07,1459.0,sell
431198,1.40323997,2015-12-04 10:53:13,1457.0,buy
431199,0.73630202,2015-12-04 10:54:07,1457.0,buy
431200,0.111636,2015-12-04 10:55:10,1457.0,buy
431201,0.111636,2015-12-04 10:55:10,1457.0,buy
431202,2.77426004,2015-12-04 10:56:12,1457.0,buy
431203,0.21033099,2015-12-04 10:56:12,1457.0,buy
431204,0.32240501,2015-12-04 10:59:10,1455.0,sell
431205,0.15464699,2015-12-04 11:02:08,1455.0,buy
431206,0.111503,2015-12-04 11:03:06,1455.0,buy
431207,0.111503,2015-12-04 11:03:06,1457.0,buy
431208,1.79975998,2015-12-04 11:04:09,1455.0,buy
431209,0.019406,2015-12-04 11:06:09,1454.0,sell
431210,0.0288672,2015-12-04 11:07:11,1454.0,sell
431211,0.00546036,2015-12-04 11:08:06,1454.0,sell
431212,0.00546036,2015-12-04 11:08:06,1454.0,sell
431213,0.66228402,2015-12-04 11:10:08,1456.0,buy
431214,0.66228402,2015-12-04 11:10:08,1455.0,buy
431215,0.11567,2015-12-04 11:13:12,1455.0,buy
431216,0.0345342,2015-12-04 11:15:09,1454.0,sell
431217,0.0748067,2015-12-04 11:15:09,1454.0,sell
431218,0.00260538,2015-12-04 11:16:08,1454.0,sell
431219,0.00260538,2015-12-04 11:16:08,1454.0,sell
431220,0.0682062,2015-12-04 11:18:13,1455.0,buy
431221,0.00181113,2015-12-04 11:19:08,1456.0,buy
431222,0.00181113,2015-12-04 11:19:08,1455.0,buy
431223,1.87671006,2015-12-04 11:20:11,1454.0,sell
431224,1.53717995,2015-12-04 11:39:12,1452.0,buy
431225,1.88007998,2015-12-04 11:40:12,1452.0,buy
431226,4.63037014,2015-12-04 11:42:12,1451.0,sell
431227,0.078532,2015-12-04 11:42:12,1451.0,sell
431228,2.97249007,2015-12-04 11:43:06,1451.0,sell
431229,4.12459993,2015-12-04 11:44:08,1451.0,sell
431230,0.19708399,2015-12-04 11:49:07,1452.0,buy
431231,0.026309,2015-12-04 11:50:10,1452.0,buy
431232,0.00711592,2015-12-04 11:51:10,1452.0,buy
431233,0.98157901,2015-12-04 11:53:06,1452.0,buy
431234,0.78962398,2015-12-04 11:54:08,1452.0,buy
431235,0.17034,2015-12-04 11:54:08,1453.0,buy
431236,1.38032997,2015-12-04 11:55:07,1455.0,buy
432005,0.180731,2015-12-05 04:50:09,1476.0,sell
432006,0.0717155,2015-12-05 04:51:12,1476.0,sell
432007,0.239721,2015-12-05 04:53:11,1478.0,buy
432008,0.0827308,2015-12-05 04:54:07,1478.0,buy
432009,0.0109576,2015-12-05 04:55:07,1478.0,buy
432010,0.197134,2015-12-05 04:56:06,1476.0,sell
432011,0.612948,2015-12-05 04:57:12,1476.0,buy
432012,0.158904,2015-12-05 04:58:08,1476.0,buy
432013,0.0938896,2015-12-05 04:59:08,1476.0,buy
432014,0.065835,2015-12-05 05:02:09,1476.0,buy
432015,0.0402776,2015-12-05 05:04:08,1476.0,buy
432016,0.16639601,2015-12-05 05:05:12,1476.0,buy
432017,0.00195195,2015-12-05 05:05:12,1480.0,buy
432018,0.0292499,2015-12-05 05:07:10,1480.0,buy
432019,0.00552152,2015-12-05 05:08:11,1480.0,buy
432020,0.00914753,2015-12-05 05:09:08,1480.0,buy
432021,0.0470396,2015-12-05 05:11:09,1474.0,sell
432022,0.134581,2015-12-05 05:11:09,1474.0,sell
432023,0.087541,2015-12-05 05:12:06,1474.0,buy
432024,0.032359,2015-12-05 05:13:11,1479.0,sell
432025,0.056,2015-12-05 05:14:05,1479.0,sell
432026,0.00897167,2015-12-05 05:15:10,1479.0,sell
432027,0.00897167,2015-12-05 05:15:10,1479.0,sell
432028,0.0413869,2015-12-05 05:17:12,1479.0,buy
432029,0.0473793,2015-12-05 05:18:05,1479.0,buy
432030,0.118138,2015-12-05 05:19:09,1479.0,buy
432031,0.112467,2015-12-05 05:21:06,1479.0,buy
432032,0.0830154,2015-12-05 05:22:08,1479.0,buy
432033,0.0438709,2015-12-05 05:24:06,1478.0,sell
432034,0.0831883,2015-12-05 05:25:09,1478.0,sell
432035,0.0639608,2015-12-05 05:27:08,1478.0,sell
432036,0.102685,2015-12-05 05:27:08,1478.0,sell
432037,0.0112583,2015-12-05 05:28:07,1478.0,sell
432038,0.0798309,2015-12-05 05:29:09,1478.0,sell
432039,0.068193,2015-12-05 05:30:11,1477.0,buy
432040,0.0870982,2015-12-05 05:33:12,1479.0,buy
432041,0.0203552,2015-12-05 05:33:12,1480.0,buy
432042,0.17834599,2015-12-05 05:33:42,1481.0,buy
432043,0.0288804,2015-12-05 05:33:42,1480.0,buy
432044,0.0908327,2015-12-05 05:33:42,1495.0,buy
432045,0.0294848,2015-12-05 05:35:06,1495.5,buy
432046,0.03708,2015-12-05 05:35:06,1495.0,buy
432047,0.0290511,2015-12-05 05:36:09,1495.5,buy
432048,0.0855293,2015-12-05 05:38:11,1494.0,buy
432049,0.0591045,2015-12-05 05:39:13,1494.0,buy
432050,0.0389912,2015-12-05 05:40:07,1494.0,buy
432051,0.173388,2015-12-05 05:42:09,1494.0,buy
432052,0.0244005,2015-12-05 05:43:10,1494.0,buy
432053,0.0386498,2015-12-05 05:44:07,1494.0,buy
432054,0.16316301,2015-12-05 05:44:07,1495.5,buy
432055,0.193611,2015-12-05 05:51:09,1495.0,sell
432056,0.0144255,2015-12-05 05:52:07,1495.0,sell
432057,0.0842056,2015-12-05 05:55:07,1494.0,sell
432058,0.054466,2015-12-05 05:56:12,1494.0,sell
432059,0.114242,2015-12-05 05:57:06,1497.0,buy
432060,0.0700544,2015-12-05 05:57:06,1497.9,buy
432061,0.0215907,2015-12-05 05:57:06,1495.5,buy
432062,0.0138392,2015-12-05 05:59:11,1494.0,sell
432063,0.0737899,2015-12-05 05:59:11,1494.0,sell
432064,0.00325639,2015-12-05 06:00:09,1494.0,sell
432065,0.00243317,2015-12-05 06:02:06,1497.9,buy
432066,0.00385258,2015-12-05 06:03:10,1497.9,buy
432067,0.0340658,2015-12-05 06:09:10,1494.0,sell
432068,0.0143367,2015-12-05 06:10:06,1494.0,sell
432069,0.0136443,2015-12-05 06:11:06,1494.0,sell
432070,0.00507995,2015-12-05 06:17:12,1496.0,sell
432071,0.0157789,2015-12-05 06:18:06,1496.0,sell
432072,0.0430252,2015-12-05 06:21:12,1493.0,sell
432073,0.0217736,2015-12-05 06:22:05,1493.0,sell
432074,0.0127165,2015-12-05 06:27:11,1497.9,buy
432075,0.00151102,2015-12-05 06:28:12,1497.9,buy
432076,0.0168892,2015-12-05 06:30:10,1496.0,buy
432077,0.0206645,2015-12-05 06:33:11,1497.9,buy
432078,0.0216285,2015-12-05 06:34:11,1497.9,buy
432079,0.0246891,2015-12-05 06:40:06,1494.0,buy
432080,0.0259663,2015-12-05 06:44:12,1493.0,buy
432081,0.00808617,2015-12-05 06:47:13,1496.0,sell
432082,0.0175142,2015-12-05 06:48:10,1496.0,sell
432083,0.00730943,2015-12-05 06:51:11,1497.0,sell
432084,0.0195365,2015-12-05 06:53:09,1495.0,buy
432085,0.00948961,2015-12-05 06:55:10,1493.0,buy
432086,0.0136945,2015-12-05 06:57:11,1497.9,buy
432087,0.0171279,2015-12-05 06:58:08,1497.9,buy
432088,0.0209748,2015-12-05 07:00:07,1494.0,buy
432089,0.35237399,2015-12-05 07:04:12,1493.0,buy
432090,0.181216,2015-12-05 07:05:07,1493.0,buy
432091,0.32030499,2015-12-05 07:07:05,1493.0,buy
432092,0.73406702,2015-12-05 07:07:05,1496.0,buy
432093,0.0663546,2015-12-05 07:08:07,1496.0,buy
432094,0.0775104,2015-12-05 07:09:08,1483.0,sell
432095,0.59696603,2015-12-05 07:10:13,1477.0,buy
432096,0.62009001,2015-12-05 07:10:28,1477.0,buy
432097,0.215728,2015-12-05 07:12:08,1466.0,sell
432098,0.36443201,2015-12-05 07:13:09,1466.0,sell
432099,0.174373,2015-12-05 07:14:13,1466.0,sell
432100,0.45551801,2015-12-05 07:16:12,1466.0,sell
432101,0.25637001,2015-12-05 07:17:07,1466.0,sell
432102,0.141784,2015-12-05 07:18:10,1466.0,sell
432103,0.5,2015-12-05 07:19:11,1468.0,buy
432104,0.95386702,2015-12-05 07:19:13,1468.0,buy
432416,0.30536899,2015-12-05 13:47:07,1490.0,sell
432417,0.0208193,2015-12-05 13:47:07,1489.0,sell
432418,0.49745101,2015-12-05 13:47:07,1489.0,sell
432419,0.036193,2015-12-05 13:47:07,1492.0,sell
432420,1.56087995,2015-12-05 13:49:11,1509.0,sell
432421,1.66999996,2015-12-05 13:52:10,1509.0,sell
432422,1.04166996,2015-12-05 14:01:12,1509.0,sell
432423,0.26859999,2015-12-05 14:03:11,1509.0,sell
432424,0.187502,2015-12-05 14:04:10,1509.0,sell
432425,0.33092901,2015-12-05 14:05:10,1509.0,sell
432426,0.0856186,2015-12-05 14:05:10,1509.0,sell
432427,0.116768,2015-12-05 14:06:06,1506.0,sell
432428,3.9432199,2015-12-05 14:06:06,1509.0,sell
432429,0.478412,2015-12-05 14:08:10,1505.0,sell
432430,0.73323202,2015-12-05 14:08:10,1506.0,sell
432431,0.27264601,2015-12-05 14:10:11,1505.0,sell
432432,0.27264601,2015-12-05 14:10:11,1505.0,sell
432433,3.15994,2015-12-05 14:11:12,1505.0,sell
432434,0.25346401,2015-12-05 14:13:11,1505.0,sell
432435,1.36682999,2015-12-05 14:14:06,1505.0,sell
432436,0.098244,2015-12-05 14:16:10,1505.0,sell
432437,0.0852891,2015-12-05 14:17:07,1505.0,sell
432438,1.77417004,2015-12-05 14:20:12,1500.0,sell
432439,2.37142992,2015-12-05 14:20:12,1501.0,sell
432440,1.68699002,2015-12-05 14:21:11,1500.0,sell
432441,0.144226,2015-12-05 14:22:07,1500.0,sell
432442,0.82244402,2015-12-05 14:24:08,1500.0,sell
432443,0.82244402,2015-12-05 14:24:08,1499.0,sell
432444,1.42962003,2015-12-05 14:26:07,1511.0,sell
432445,0.480073,2015-12-05 14:26:49,1511.0,sell
432446,0.31710899,2015-12-05 14:27:07,1511.0,sell
432447,0.0210266,2015-12-05 14:28:13,1511.0,sell
432448,0.218096,2015-12-05 14:28:13,1511.0,sell
432449,0.66472799,2015-12-05 14:30:02,1510.0,sell
432450,1.64954996,2015-12-05 14:30:06,1510.0,sell
432451,0.96572202,2015-12-05 14:31:13,1510.0,sell
432452,0.38567099,2015-12-05 14:32:06,1510.0,sell
432453,0.38479701,2015-12-05 14:33:13,1510.0,buy
432454,0.197069,2015-12-05 14:33:13,1511.0,buy
432455,0.2,2015-12-05 14:33:54,1514.0,sell
432456,3.22638988,2015-12-05 14:34:11,1514.0,sell
432457,0.269256,2015-12-05 14:35:09,1512.0,buy
432458,0.53124499,2015-12-05 14:36:07,1512.0,buy
432459,0.53124499,2015-12-05 14:36:07,1512.0,buy
432460,0.150398,2015-12-05 14:37:06,1512.0,buy
432461,0.1498,2015-12-05 14:37:06,1510.0,buy
432462,0.67278898,2015-12-05 14:38:11,1512.0,sell
432463,1.12881005,2015-12-05 14:39:13,1512.0,sell
432464,0.196302,2015-12-05 14:40:09,1512.0,sell
432465,0.196302,2015-12-05 14:40:09,1512.0,sell
432466,1.52710998,2015-12-05 14:42:12,1513.0,sell
432467,1.52710998,2015-12-05 14:42:13,1513.0,sell
432468,1.00954998,2015-12-05 14:43:11,1512.0,sell
432469,1.61583996,2015-12-05 14:43:11,1513.0,sell
432470,0.59911901,2015-12-05 14:44:13,1512.0,buy
432471,0.76167297,2015-12-05 14:45:12,1512.0,buy
432472,0.76167297,2015-12-05 14:45:12,1512.0,buy
432473,1.23176003,2015-12-05 14:47:07,1510.0,buy
432474,0.95998198,2015-12-05 14:47:07,1510.0,buy
432475,0.620408,2015-12-05 14:48:12,1500.0,sell
432476,0.344143,2015-12-05 14:48:12,1499.0,sell
432477,0.27177599,2015-12-05 14:48:12,1510.0,sell
432478,1.30708003,2015-12-05 14:49:12,1499.0,buy
432479,0.281086,2015-12-05 14:50:12,1499.0,buy
432480,0.022653,2015-12-05 14:51:10,1499.0,buy
432481,2.43625998,2015-12-05 14:53:10,1496.0,buy
432482,0.112993,2015-12-05 14:55:09,1499.0,buy
432483,0.89879799,2015-12-05 14:55:09,1496.0,buy
432484,1.41928005,2015-12-05 14:55:09,1499.0,buy
432485,0.56445903,2015-12-05 14:57:07,1495.0,buy
432486,0.296029,2015-12-05 14:58:08,1495.0,buy
432487,0.41247901,2015-12-05 15:00:10,1493.0,sell
432488,1.27401996,2015-12-05 15:01:12,1493.0,sell
432489,0.92826301,2015-12-05 15:02:12,1493.0,sell
432490,0.33816099,2015-12-05 15:05:12,1493.0,buy
432491,0.0505903,2015-12-05 15:05:12,1493.0,buy
432492,0.31692401,2015-12-05 15:06:08,1493.0,buy
432493,0.51526898,2015-12-05 15:08:07,1493.0,buy
432494,1.94174004,2015-12-05 15:10:11,1490.0,buy
432495,2.1385901,2015-12-05 15:11:12,1490.0,buy
432496,0.74446702,2015-12-05 15:12:05,1490.0,buy
432497,1.42057002,2015-12-05 15:13:52,1491.0,buy
432498,0.59149897,2015-12-05 15:13:52,1490.0,buy
432499,0.825553,2015-12-05 15:14:06,1491.0,buy
432500,0.0938785,2015-12-05 15:15:28,1493.0,buy
432501,0.90897501,2015-12-05 15:15:57,1495.0,buy
432502,3.55784011,2015-12-05 15:19:07,1499.0,sell
432503,1.67198002,2015-12-05 15:21:07,1499.0,sell
432504,2.31622005,2015-12-05 15:22:08,1494.0,sell
432505,0.80186301,2015-12-05 15:22:08,1496.0,sell
432506,1.51435995,2015-12-05 15:22:08,1499.0,sell
432507,1.83297002,2015-12-05 15:24:07,1496.0,sell
432508,1.83297002,2015-12-05 15:24:08,1496.0,sell
432509,0.73832798,2015-12-05 15:26:08,1499.0,buy
432510,1.21858001,2015-12-05 15:27:10,1499.0,buy
432511,1.33431005,2015-12-05 15:28:05,1499.0,buy
432512,0.74241298,2015-12-05 15:29:08,1500.0,sell
432513,0.531578,2015-12-05 15:31:12,1500.0,sell
432514,1.50138998,2015-12-05 15:32:09,1500.0,sell
432515,0.42332801,2015-12-05 15:32:10,1496.0,sell
458044,0.0119517,2015-12-27 22:28:13,1659.0,buy
458045,0.00854022,2015-12-27 22:29:11,1659.0,buy
458046,0.00854022,2015-12-27 22:29:12,1659.0,buy
458047,0.1499,2015-12-27 22:31:11,1657.0,buy
458048,0.24030299,2015-12-27 22:39:14,1654.0,buy
458049,0.0428862,2015-12-27 22:40:06,1654.0,buy
458050,0.0428862,2015-12-27 22:40:06,1654.0,buy
458051,0.0916262,2015-12-27 22:42:10,1656.0,buy
458052,0.04024,2015-12-27 22:42:10,1654.0,buy
458053,0.0119452,2015-12-27 22:43:12,1656.0,buy
458054,0.00120446,2015-12-27 22:44:07,1656.0,buy
458055,0.00120446,2015-12-27 22:44:08,1656.0,buy
458056,0.086754,2015-12-27 22:45:10,1657.0,buy
458057,0.0434008,2015-12-27 22:45:10,1656.0,buy
458058,0.00149473,2015-12-27 22:47:09,1657.0,buy
458059,0.00084442,2015-12-27 22:48:11,1657.0,buy
458060,0.00179013,2015-12-27 22:49:05,1657.0,buy
458061,0.0827057,2015-12-27 22:50:08,1679.0,buy
458062,0.0622707,2015-12-27 22:50:08,1657.0,buy
458063,0.0126898,2015-12-27 22:52:08,1678.0,buy
458064,0.0126898,2015-12-27 22:52:08,1678.0,buy
458065,0.0558374,2015-12-27 22:56:09,1679.0,buy
458066,0.0366747,2015-12-27 22:56:09,1678.0,buy
458067,0.0366747,2015-12-27 22:56:09,1678.0,buy
458068,0.0169468,2015-12-27 22:57:05,1679.0,buy
458069,0.0774269,2015-12-27 22:59:10,1679.0,buy
458070,0.0824503,2015-12-27 23:00:10,1679.0,buy
458071,0.179572,2015-12-27 23:01:06,1679.0,buy
458072,0.00116521,2015-12-27 23:03:07,1679.0,buy
458073,0.0391277,2015-12-27 23:03:07,1679.0,buy
458074,0.0281061,2015-12-27 23:04:12,1679.0,buy
458075,0.26686099,2015-12-27 23:06:08,1656.0,buy
458076,0.42628399,2015-12-27 23:07:06,1656.0,buy
458077,0.80545902,2015-12-27 23:11:10,1663.0,buy
458078,0.189502,2015-12-27 23:11:10,1658.0,buy
458079,0.213227,2015-12-27 23:11:10,1658.0,buy
458080,0.62650698,2015-12-27 23:14:11,1664.0,buy
458081,0.37039301,2015-12-27 23:14:11,1663.0,buy
458082,0.626867,2015-12-27 23:17:12,1665.0,buy
458083,0.469962,2015-12-27 23:26:13,1663.0,buy
458084,0.378804,2015-12-27 23:27:12,1663.0,buy
458085,0.47075599,2015-12-27 23:29:13,1663.0,buy
458086,0.0287327,2015-12-27 23:29:13,1663.0,buy
458087,1.17908001,2015-12-27 23:30:06,1663.0,buy
458088,0.39109099,2015-12-27 23:31:10,1663.0,buy
458089,0.0307829,2015-12-27 23:33:09,1663.0,buy
458090,0.0368755,2015-12-27 23:34:10,1663.0,buy
458091,0.0582768,2015-12-27 23:35:07,1663.0,buy
458092,0.247134,2015-12-27 23:37:11,1663.0,buy
458093,0.456797,2015-12-27 23:38:07,1663.0,buy
458094,0.177305,2015-12-27 23:39:12,1663.0,buy
458095,0.31197599,2015-12-27 23:45:05,1662.0,buy
458096,0.70951301,2015-12-27 23:46:07,1662.0,buy
458097,0.0696138,2015-12-27 23:47:07,1662.0,buy
458098,0.0696138,2015-12-27 23:47:07,1662.0,buy
458099,0.47161499,2015-12-27 23:48:13,1664.0,buy
458100,0.0310944,2015-12-27 23:48:13,1662.0,buy
458101,0.31138301,2015-12-27 23:51:12,1665.0,buy
458102,0.31138301,2015-12-27 23:51:12,1665.0,buy
458103,0.247641,2015-12-27 23:51:12,1665.0,buy
458104,0.28452599,2015-12-27 23:55:11,1666.0,buy
458105,0.0779967,2015-12-27 23:55:12,1666.0,buy
458106,0.16105001,2015-12-27 23:56:10,1666.0,buy
458107,0.0454785,2015-12-27 23:57:08,1666.0,buy
458108,0.41181701,2015-12-27 23:57:08,1676.0,buy
458109,0.560745,2015-12-27 23:59:08,1676.0,buy
458110,0.0288598,2015-12-27 23:59:08,1676.0,buy
458111,0.0630349,2015-12-28 00:00:09,1676.0,buy
458112,0.0443233,2015-12-28 00:03:09,1676.0,buy
458113,0.0526281,2015-12-28 00:04:12,1676.0,buy
458114,0.0641641,2015-12-28 00:05:12,1676.0,buy
458115,0.0502969,2015-12-28 00:07:10,1679.0,buy
458116,0.423659,2015-12-28 00:07:10,1676.0,buy
458117,0.16205999,2015-12-28 00:08:08,1679.0,buy
458118,0.316365,2015-12-28 00:08:08,1679.0,buy
458119,0.07,2015-12-28 00:08:08,1679.0,buy
458120,0.104087,2015-12-28 00:08:08,1679.0,buy
458121,0.0140689,2015-12-28 00:14:07,1677.0,buy
458122,0.184962,2015-12-28 00:14:07,1678.0,buy
458123,0.35635599,2015-12-28 00:14:07,1677.0,buy
458124,0.157325,2015-12-28 00:14:07,1678.0,buy
458125,0.39562601,2015-12-28 00:16:11,1677.0,buy
458126,0.215097,2015-12-28 00:17:09,1677.0,buy
458127,0.215097,2015-12-28 00:17:10,1677.0,buy
458128,0.13288701,2015-12-28 00:19:12,1677.0,buy
458129,0.0837589,2015-12-28 00:19:12,1678.0,buy
458130,0.367259,2015-12-28 00:20:10,1678.0,buy
458131,0.582331,2015-12-28 00:21:08,1678.0,buy
458132,0.52621001,2015-12-28 00:21:08,1678.0,buy
458133,0.0878619,2015-12-28 00:25:07,1678.0,buy
458134,0.00702744,2015-12-28 00:26:13,1678.0,buy
458135,0.44963801,2015-12-28 00:27:06,1678.0,buy
458136,0.52846199,2015-12-28 00:33:10,1676.0,buy
458137,0.378712,2015-12-28 00:33:10,1676.0,buy
458138,0.23946001,2015-12-28 00:39:11,1677.0,buy
458139,0.346549,2015-12-28 00:40:11,1677.0,buy
458140,0.64883798,2015-12-28 00:41:09,1677.0,buy
458141,0.231821,2015-12-28 00:41:09,1677.0,buy
458142,0.42368901,2015-12-28 00:42:13,1677.0,buy
458143,0.0445738,2015-12-28 00:45:12,1677.0,buy
514972,1.35941005,2016-02-18 17:54:13,1619.0,sell
514973,0.045188400000000004,2016-02-18 17:55:06,1619.0,sell
514974,0.129619,2016-02-18 17:56:09,1617.0,sell
514975,1.27456999,2016-02-18 17:56:09,1619.0,sell
514976,0.058112199999999996,2016-02-18 17:56:09,1615.0,sell
514977,1.12168002,2016-02-18 17:58:06,1616.0,buy
514978,0.220608,2016-02-18 18:02:28,1619.0,buy
514979,0.018049799999999998,2016-02-18 18:06:05,1619.0,buy
514980,0.012886700000000003,2016-02-18 18:10:11,1616.01,sell
514981,0.0123366,2016-02-18 18:18:07,1622.0,buy
514982,0.0285582,2016-02-18 18:18:40,1622.0,buy
514983,6.15385008,2016-02-18 18:22:06,1625.0,sell
514984,0.140735,2016-02-18 18:22:19,1624.0,sell
514985,0.140735,2016-02-18 18:22:19,1624.0,sell
514986,3.47468996,2016-02-18 18:23:07,1624.0,sell
514987,0.30728099,2016-02-18 18:23:08,1623.0,sell
514988,1.65709996,2016-02-18 18:23:59,1623.0,buy
514989,0.015555600000000001,2016-02-18 18:29:25,1623.0,sell
514990,0.0101516,2016-02-18 18:30:09,1623.0,sell
514991,0.0101516,2016-02-18 18:30:10,1623.0,sell
514992,0.0401954,2016-02-18 18:32:15,1623.0,sell
514993,0.10511500000000001,2016-02-18 18:32:15,1622.0,sell
514994,0.33058699999999996,2016-02-18 18:32:15,1623.0,sell
514995,0.0605538,2016-02-18 18:33:26,1622.0,sell
514996,0.0414903,2016-02-18 18:34:25,1622.0,sell
514997,0.00750777,2016-02-18 18:35:18,1622.0,sell
514998,0.183052,2016-02-18 18:37:25,1623.0,sell
514999,0.0627717,2016-02-18 18:38:06,1623.0,sell
515000,0.68256903,2016-02-18 18:40:26,1628.0,sell
515001,0.061425099999999996,2016-02-18 18:40:34,1628.0,sell
515002,0.08363430000000001,2016-02-18 18:41:07,1628.0,sell
515003,0.45732301,2016-02-18 18:43:27,1631.0,buy
515004,0.118029,2016-02-18 18:45:21,1626.0,sell
515005,0.118029,2016-02-18 18:45:21,1628.0,sell
515006,0.43638699999999997,2016-02-18 18:47:19,1628.0,sell
515007,0.28271499,2016-02-18 18:49:25,1628.0,sell
515008,0.28271499,2016-02-18 18:49:26,1627.0,sell
515009,0.205339,2016-02-18 18:54:11,1628.0,sell
515010,0.0776545,2016-02-18 19:00:20,1628.0,sell
515011,0.0776545,2016-02-18 19:00:21,1628.0,sell
515012,0.018519900000000002,2016-02-18 19:04:16,1630.0,sell
515013,0.018519900000000002,2016-02-18 19:04:16,1630.0,sell
515014,0.040853,2016-02-18 19:05:08,1628.0,sell
515015,0.025107499999999998,2016-02-18 19:05:08,1630.0,sell
515016,0.049245599999999994,2016-02-18 19:06:12,1628.0,sell
515017,0.0556433,2016-02-18 19:08:17,1628.0,sell
515018,0.0504481,2016-02-18 19:09:20,1628.0,sell
515019,0.012392499999999999,2016-02-18 19:10:18,1628.0,sell
515020,0.012392499999999999,2016-02-18 19:10:18,1628.0,sell
515021,0.00352122,2016-02-18 19:12:06,1628.0,sell
515022,0.00257738,2016-02-18 19:13:22,1628.0,sell
515023,0.00257738,2016-02-18 19:13:22,1628.0,sell
515024,0.00349203,2016-02-18 19:15:10,1628.0,sell
515025,1.41025996,2016-02-18 19:16:01,1628.0,sell
515026,5.5897398,2016-02-18 19:16:01,1628.0,sell
515027,0.00288947,2016-02-18 19:16:17,1628.0,sell
515028,0.00085286,2016-02-18 19:17:12,1628.0,sell
515029,0.00085286,2016-02-18 19:17:13,1628.0,sell
515030,0.08388839999999999,2016-02-18 19:18:15,1628.0,sell
515031,1.07492006,2016-02-18 19:19:09,1627.0,buy
515032,3.55186009,2016-02-18 19:20:06,1627.0,buy
515033,3.27817011,2016-02-18 19:22:08,1625.0,buy
515034,0.598324,2016-02-18 19:23:13,1625.0,buy
515035,0.598324,2016-02-18 19:23:13,1625.0,buy
515036,0.225345,2016-02-18 19:25:23,1625.0,buy
515037,0.225345,2016-02-18 19:25:23,1625.0,buy
515038,0.12226,2016-02-18 19:26:11,1624.0,sell
515039,0.34486100000000003,2016-02-18 19:27:07,1625.0,buy
515040,0.72927201,2016-02-18 19:27:07,1625.0,buy
515041,1.34501004,2016-02-18 19:27:07,1627.0,buy
515042,3.41857004,2016-02-18 19:28:07,1628.0,sell
515043,5.40685987,2016-02-18 19:30:12,1629.0,buy
515044,0.33576101,2016-02-18 19:31:12,1629.0,buy
515045,0.123243,2016-02-18 19:32:15,1629.0,buy
515046,0.82663,2016-02-18 19:34:12,1630.0,buy
515047,0.0450513,2016-02-18 19:35:10,1630.0,sell
515048,1.33424997,2016-02-18 19:35:10,1628.0,sell
515049,0.19994199,2016-02-18 19:36:18,1628.0,sell
515050,1.14017999,2016-02-18 19:38:08,1629.0,buy
515051,0.0182157,2016-02-18 19:39:11,1629.0,buy
515052,0.015434,2016-02-18 19:39:12,1629.0,buy
515053,1.7870400000000002,2016-02-18 19:41:16,1629.0,buy
515054,0.27257800000000004,2016-02-18 19:42:12,1629.0,buy
515055,0.27613401,2016-02-18 19:43:16,1629.0,buy
515056,1.47916996,2016-02-18 19:45:05,1628.0,sell
515057,0.0380356,2016-02-18 19:45:05,1626.0,sell
515058,1.24580002,2016-02-18 19:47:18,1628.0,sell
515059,0.31343201,2016-02-18 19:48:17,1628.0,sell
515060,0.97288299,2016-02-18 19:50:20,1628.0,sell
515061,1.27344,2016-02-18 19:50:21,1626.0,sell
515062,0.056268200000000004,2016-02-18 19:51:19,1626.0,sell
515063,1.48424995,2016-02-18 19:53:06,1627.0,buy
515064,0.52442902,2016-02-18 19:54:11,1627.0,buy
515065,0.12626600000000002,2016-02-18 19:55:19,1627.0,buy
515066,0.40875801,2016-02-18 19:56:06,1627.0,buy
515067,0.037476499999999996,2016-02-18 19:56:06,1629.0,buy
515068,2.11946988,2016-02-18 19:57:19,1629.0,sell
515069,0.31521001,2016-02-18 19:59:07,1627.0,sell
515070,0.285128,2016-02-18 20:00:07,1627.0,sell
515071,0.126615,2016-02-18 20:01:07,1627.0,sell
828162,0.677863,2016-11-20 15:10:14,3135.0,sell
828163,0.21253499,2016-11-20 15:12:15,3135.0,sell
828164,0.0585586,2016-11-20 15:12:51,3135.0,sell
828165,0.0391894,2016-11-20 15:14:10,3135.0,sell
828166,0.27337801,2016-11-20 15:14:10,3134.0,sell
828167,0.98824698,2016-11-20 15:15:31,3134.0,sell
828168,1.68658996,2016-11-20 15:15:31,3133.0,sell
828169,0.010088,2016-11-20 15:17:00,3134.0,buy
828170,0.62981403,2016-11-20 15:17:11,3134.0,buy
828171,1.9343400000000002,2016-11-20 15:18:07,3134.0,sell
828172,0.89999998,2016-11-20 15:19:10,3134.0,sell
828173,2.31835008,2016-11-20 15:19:54,3134.0,sell
828174,1.23386002,2016-11-20 15:19:54,3134.0,sell
828175,1.34290004,2016-11-20 15:20:07,3134.0,sell
828176,0.136986,2016-11-20 15:20:44,3139.0,buy
828177,0.0223357,2016-11-20 15:21:15,3134.0,sell
828178,0.55634701,2016-11-20 15:21:16,3132.0,sell
828179,0.0363173,2016-11-20 15:22:08,3139.0,buy
828180,0.33657199,2016-11-20 15:22:10,3132.0,sell
828181,0.29353699,2016-11-20 15:22:14,3141.0,buy
828182,0.0363173,2016-11-20 15:23:15,3141.0,sell
828183,1.03899002,2016-11-20 15:23:16,3135.0,sell
828184,0.68469399,2016-11-20 15:26:42,3135.0,buy
828185,0.617939,2016-11-20 15:26:42,3135.0,buy
828186,0.24078899999999998,2016-11-20 15:26:42,3135.0,buy
828187,0.25181201,2016-11-20 15:26:42,3135.0,buy
828188,0.32833299,2016-11-20 15:28:08,3132.0,sell
828189,0.26805899,2016-11-20 15:29:13,3135.0,buy
828190,0.82084697,2016-11-20 15:29:14,3132.0,sell
828191,0.027270099999999995,2016-11-20 15:29:14,3135.0,buy
828192,0.0597015,2016-11-20 15:29:14,3149.0,buy
828193,0.00381679,2016-11-20 15:29:14,3144.0,buy
828194,0.00728771,2016-11-20 15:29:14,3156.0,buy
828195,0.0206218,2016-11-20 15:29:14,3152.0,buy
828196,1.88539004,2016-11-20 15:29:14,3158.97,buy
828197,0.26128399,2016-11-20 15:29:14,3146.0,buy
828198,0.00894073,2016-11-20 15:29:14,3159.0,buy
828199,0.024096400000000004,2016-11-20 15:29:14,3154.0,buy
828200,0.0478344,2016-11-20 15:29:21,3132.0,sell
828201,0.55088001,2016-11-20 15:31:06,3136.0,sell
828202,0.0981629,2016-11-20 15:32:14,3136.1,sell
828203,0.0145213,2016-11-20 15:33:13,3136.1,sell
828204,0.44070399,2016-11-20 15:35:14,3137.0,sell
828205,0.00155435,2016-11-20 15:37:04,3159.0,buy
828206,0.109074,2016-11-20 15:37:09,3137.0,sell
828207,0.00096955,2016-11-20 15:38:15,3137.0,sell
828208,0.003109,2016-11-20 15:42:32,3152.33,sell
828209,0.10776199999999998,2016-11-20 15:46:52,3137.0,sell
828210,8.43943024,2016-11-20 15:46:53,3137.0,sell
828211,3.7938199,2016-11-20 15:47:19,3135.0,sell
828212,0.206183,2016-11-20 15:47:19,3136.1,sell
828213,0.10776199999999998,2016-11-20 15:49:09,3137.0,buy
828214,2.14176011,2016-11-20 15:49:09,3137.0,buy
828215,5.01224995,2016-11-20 15:50:11,3137.0,buy
828216,2.89475012,2016-11-20 15:51:08,3137.0,buy
828217,5.30313015,2016-11-20 15:52:15,3135.0,sell
828218,1.5,2016-11-20 15:53:00,3135.0,sell
828219,0.040926599999999994,2016-11-20 15:55:03,3135.0,sell
828220,0.0310931,2016-11-20 15:55:11,3135.0,sell
828221,0.0637552,2016-11-20 15:55:40,3137.0,buy
828222,0.07,2016-11-20 15:56:26,3137.0,buy
828223,0.166455,2016-11-20 15:58:08,3135.0,sell
828224,4.47278976,2016-11-20 15:58:08,3135.0,sell
828225,0.28450701,2016-11-20 15:58:09,3136.0,buy
828226,0.229775,2016-11-20 15:58:23,3135.0,sell
828227,1.45491004,2016-11-20 15:59:08,3134.0,sell
828228,0.204099,2016-11-20 16:01:04,3123.0,sell
828229,2.03997993,2016-11-20 16:01:04,3125.0,sell
828230,1.16270006,2016-11-20 16:01:04,3123.01,sell
828231,0.0903499,2016-11-20 16:01:04,3122.15,sell
828232,0.0011246,2016-11-20 16:01:04,3130.0,sell
828233,0.55549997,2016-11-20 16:01:04,3120.0,sell
828234,0.0535746,2016-11-20 16:01:04,3131.22,sell
828235,0.21897601,2016-11-20 16:01:05,3118.0,sell
828236,0.0298873,2016-11-20 16:01:05,3119.9,sell
828237,1.66505003,2016-11-20 16:01:05,3100.0,sell
828238,2.29566002,2016-11-20 16:01:05,3111.0,sell
828239,0.42117599,2016-11-20 16:02:03,3091.07,sell
828240,0.43220001,2016-11-20 16:04:14,3100.0,sell
828241,1.13435996,2016-11-20 16:04:19,3100.0,sell
828242,0.32617199,2016-11-20 16:04:24,3100.01,sell
828243,5.18626022,2016-11-20 16:04:24,3100.0,sell
828244,22.28039932,2016-11-20 16:04:29,3100.0,sell
828245,0.013817500000000002,2016-11-20 16:06:50,3112.0,buy
828246,0.016688099999999997,2016-11-20 16:06:51,3116.0,buy
828247,0.0321027,2016-11-20 16:06:51,3115.0,buy
828248,0.54519999,2016-11-20 16:08:45,3118.0,buy
828249,9.0,2016-11-20 16:08:55,3118.0,buy
828250,1.0,2016-11-20 16:08:55,3117.99,buy
828251,9.79712963,2016-11-20 16:09:05,3118.0,buy
828252,0.0493274,2016-11-20 16:09:17,3122.0,buy
828253,0.23425999,2016-11-20 16:09:17,3129.0,buy
828254,0.0745362,2016-11-20 16:09:17,3126.0,buy
828255,0.0102597,2016-11-20 16:09:17,3119.0,buy
828256,4.41230011,2016-11-20 16:12:33,3129.0,buy
828257,4.03002024,2016-11-20 16:12:39,3129.0,buy
828258,2.10538006,2016-11-20 16:13:31,3103.0,sell
828259,0.0462874,2016-11-20 16:13:31,3111.0,sell
828260,0.17149299,2016-11-20 16:13:31,3108.0,sell
828261,1.25811005,2016-11-20 16:13:31,3108.2,sell
849846,0.623559,2016-12-05 17:50:03,3261.01,sell
849847,0.047422399999999997,2016-12-05 17:56:52,3261.01,sell
849848,0.145,2016-12-05 18:04:34,3261.01,sell
849849,0.121563,2016-12-05 18:08:13,3290.48,buy
849850,0.14097799,2016-12-05 18:11:27,3261.01,sell
849851,1.41623998,2016-12-05 18:13:02,3261.01,sell
849852,0.0668612,2016-12-05 18:13:57,3290.4,buy
849853,0.030463099999999996,2016-12-05 18:15:59,3261.01,sell
849854,0.0312719,2016-12-05 18:16:01,3290.49,buy
849855,0.32100001,2016-12-05 18:16:47,3261.01,sell
849856,0.00303907,2016-12-05 18:18:53,3290.47,buy
849857,0.18492199,2016-12-05 18:19:02,3261.01,sell
849858,0.0100581,2016-12-05 18:24:34,3261.01,sell
849859,0.30390900000000004,2016-12-05 18:26:16,3290.46,buy
849860,0.0212831,2016-12-05 18:32:38,3288.99,buy
849861,0.20727099,2016-12-05 18:32:39,3289.99,buy
849862,0.65349901,2016-12-05 18:37:58,3289.98,buy
849863,0.007598899999999999,2016-12-05 18:48:47,3289.95,sell
849864,0.14135499,2016-12-05 18:52:21,3262.0,sell
849865,0.0289009,2016-12-05 18:52:21,3261.01,sell
849866,0.0453538,2016-12-05 18:55:47,3265.0,sell
849867,0.21989899999999998,2016-12-05 18:57:59,3262.0,sell
849868,0.6116060000000001,2016-12-05 18:58:11,3261.01,sell
849869,1.49000001,2016-12-05 18:58:17,3261.0,sell
849870,0.07000189999999999,2016-12-05 18:58:20,3261.0,sell
849871,1.49000001,2016-12-05 18:58:27,3260.0,sell
849872,0.2006,2016-12-05 18:58:43,3260.0,sell
849873,1.0,2016-12-05 18:58:46,3258.0,sell
849874,0.034,2016-12-05 19:02:13,3257.01,sell
849875,0.96600002,2016-12-05 19:06:13,3257.01,sell
849876,0.00316606,2016-12-05 19:07:31,3287.99,buy
849877,1.49000001,2016-12-05 19:10:17,3260.0,sell
849878,0.18000001,2016-12-05 19:11:27,3286.99,buy
849879,0.08411260000000001,2016-12-05 19:11:28,3289.0,buy
849880,0.40983999,2016-12-05 19:11:28,3289.0,buy
849881,1.0,2016-12-05 19:11:28,3287.0,buy
849882,0.0153529,2016-12-05 19:12:20,3260.0,sell
849883,0.06993049999999999,2016-12-05 19:14:04,3288.98,buy
849884,0.0456068,2016-12-05 19:14:08,3288.98,buy
849885,0.00736194,2016-12-05 19:14:16,3260.01,sell
849886,0.641886,2016-12-05 19:14:23,3260.0,sell
849887,1.31298006,2016-12-05 19:15:46,3275.0,sell
849888,0.38003501,2016-12-05 19:19:44,3287.99,buy
849889,0.12925801,2016-12-05 19:20:53,3287.99,buy
849890,0.0105675,2016-12-05 19:22:00,3253.51,sell
849891,0.09329760000000001,2016-12-05 19:25:02,3253.51,sell
849892,0.69349003,2016-12-05 19:26:03,3253.51,sell
849893,0.00655852,2016-12-05 19:26:05,3253.51,buy
849894,0.13463099,2016-12-05 19:26:20,3253.51,sell
849895,0.00152069,2016-12-05 19:26:28,3287.98,buy
849896,0.00760342,2016-12-05 19:28:34,3287.99,buy
849897,0.17944100000000002,2016-12-05 19:28:44,3287.98,buy
849898,0.30672899,2016-12-05 19:30:04,3260.0,sell
849899,0.12897,2016-12-05 19:30:15,3254.03,sell
849900,0.00304145,2016-12-05 19:33:20,3287.9,buy
849901,0.0364976,2016-12-05 19:33:29,3287.89,buy
849902,0.121656,2016-12-05 19:34:31,3287.97,buy
849903,0.136546,2016-12-05 19:35:21,3287.91,buy
849904,0.00182487,2016-12-05 19:37:23,3287.9,buy
849905,0.29544699,2016-12-05 19:39:33,3287.85,buy
849906,0.34818000000000005,2016-12-05 19:39:33,3287.86,buy
849907,0.004,2016-12-05 19:40:33,3255.0,sell
849908,0.0714722,2016-12-05 19:42:33,3287.99,buy
849909,0.42687899,2016-12-05 19:45:24,3256.51,sell
849910,0.35319701,2016-12-05 19:48:15,3256.51,sell
849911,0.07607130000000001,2016-12-05 19:51:47,3286.39,buy
849912,0.140075,2016-12-05 19:55:22,3283.95,buy
849913,0.008934200000000002,2016-12-05 19:56:04,3256.51,sell
849914,0.10879100000000001,2016-12-05 19:56:29,3256.51,sell
849915,0.00852634,2016-12-05 19:56:43,3283.94,buy
849916,0.26499999,2016-12-05 19:56:53,3256.51,sell
849917,0.032158099999999995,2016-12-05 19:56:56,3256.51,sell
849918,0.00744394,2016-12-05 19:57:18,3254.04,sell
849919,0.12547299,2016-12-05 19:57:18,3256.51,sell
849920,0.035631300000000005,2016-12-05 19:57:18,3255.0,sell
849921,0.0934573,2016-12-05 19:58:05,3256.51,buy
849922,0.029137,2016-12-05 19:58:05,3282.95,buy
849923,0.00305343,2016-12-05 20:00:59,3275.0,buy
849924,0.028222399999999998,2016-12-05 20:03:22,3254.04,sell
849925,0.61198002,2016-12-05 20:12:28,3254.04,sell
849926,0.15257899,2016-12-05 20:13:32,3277.0,buy
849927,0.305154,2016-12-05 20:14:50,3277.0,buy
849928,0.0741584,2016-12-05 20:22:51,3254.04,sell
849929,0.019471000000000002,2016-12-05 20:30:44,3254.04,sell
849930,0.129373,2016-12-05 20:31:52,3277.0,buy
849931,0.33188501,2016-12-05 20:31:53,3284.27,buy
849932,0.005,2016-12-05 20:31:53,3283.0,buy
849933,0.005,2016-12-05 20:31:53,3282.99,buy
849934,0.29530299,2016-12-05 20:31:53,3282.98,buy
849935,0.41757299999999997,2016-12-05 20:31:53,3291.89,buy
849936,0.0073338000000000006,2016-12-05 20:31:53,3288.88,buy
849937,0.028857799999999996,2016-12-05 20:34:43,3291.86,buy
849938,0.015369399999999998,2016-12-05 20:35:40,3255.01,sell
849939,0.00455699,2016-12-05 20:37:43,3291.64,buy
849940,0.013669899999999999,2016-12-05 20:41:04,3291.89,buy
849941,0.59882098,2016-12-05 20:43:11,3291.89,buy
849942,0.33415499,2016-12-05 20:46:59,3291.89,buy
849943,0.196229,2016-12-05 20:47:11,3265.0,sell
849944,0.0759442,2016-12-05 20:47:37,3291.89,buy
849945,0.0717566,2016-12-05 20:49:00,3265.0,sell
850036,1.18137002,2016-12-05 22:24:06,3306.0,buy
850037,0.93821597,2016-12-05 22:24:06,3310.0,buy
850038,0.026919299999999997,2016-12-05 22:24:06,3306.99,buy
850039,1.95000005,2016-12-05 22:24:06,3305.0,buy
850040,1.51712,2016-12-05 22:24:06,3308.99,buy
850041,0.0292132,2016-12-05 22:24:06,3300.0,buy
850042,0.5,2016-12-05 22:24:06,3307.0,buy
850043,0.0107391,2016-12-05 22:24:06,3300.0,buy
850044,0.0753664,2016-12-05 22:24:06,3300.0,buy
850045,0.0210638,2016-12-05 22:29:42,3309.0,buy
850046,0.0794248,2016-12-05 22:35:54,3265.04,sell
850047,0.06123680000000001,2016-12-05 22:35:54,3266.01,sell
850048,0.015119399999999998,2016-12-05 22:37:23,3307.0,buy
850049,0.238159,2016-12-05 22:37:52,3270.0,sell
850050,0.045317199999999995,2016-12-05 22:41:55,3287.0,buy
850051,0.55229998,2016-12-05 22:42:10,3285.0,buy
850052,0.88309997,2016-12-05 22:42:15,3285.0,buy
850053,0.396983,2016-12-05 22:42:15,3287.0,buy
850054,0.30000001,2016-12-05 22:42:51,3279.0,buy
850055,0.0167734,2016-12-05 22:42:58,3279.0,buy
850056,0.34552699,2016-12-05 22:43:04,3279.0,buy
850057,0.00480019,2016-12-05 22:43:27,3279.0,sell
850058,5.96760988,2016-12-05 22:43:34,3284.0,buy
850059,1.45562005,2016-12-05 22:43:34,3280.0,buy
850060,0.44123,2016-12-05 22:43:46,3284.0,buy
850061,0.252395,2016-12-05 22:43:54,3284.0,buy
850062,4.74760008,2016-12-05 22:43:54,3288.0,buy
850063,0.055229999999999994,2016-12-05 22:44:06,3288.0,buy
850064,0.99144,2016-12-05 22:44:12,3288.0,buy
850065,0.011973200000000002,2016-12-05 22:44:19,3279.0,sell
850066,4.41300011,2016-12-05 22:44:31,3288.0,buy
850067,0.00395017,2016-12-05 22:44:42,3291.0,buy
850068,12.24619961,2016-12-05 22:44:42,3288.0,buy
850069,6.0,2016-12-05 22:44:42,3289.0,buy
850070,0.0470552,2016-12-05 22:45:54,3294.0,buy
850071,5.45293999,2016-12-05 22:45:54,3295.0,buy
850072,0.049393900000000004,2016-12-05 22:46:08,3300.0,buy
850073,0.00424371,2016-12-05 22:46:08,3299.0,buy
850074,0.161662,2016-12-05 22:46:08,3297.0,buy
850075,17.66139984,2016-12-05 22:46:08,3295.0,buy
850076,0.00158841,2016-12-05 22:50:00,3298.89,buy
850077,0.19777899999999998,2016-12-05 22:52:20,3279.0,sell
850078,0.72841001,2016-12-05 22:57:22,3294.89,buy
850079,0.022633,2016-12-05 22:58:29,3279.0,sell
850080,0.0674687,2016-12-05 22:58:29,3279.0,sell
850081,0.0164684,2016-12-05 23:04:37,3279.0,buy
850082,0.016099600000000002,2016-12-05 23:04:37,3292.0,buy
850083,0.00455927,2016-12-05 23:04:37,3290.0,buy
850084,11.45499992,2016-12-05 23:04:43,3293.0,buy
850085,2.0783999,2016-12-05 23:04:50,3293.0,buy
850086,0.12659401,2016-12-05 23:05:27,3292.82,buy
850087,0.0273322,2016-12-05 23:08:59,3292.82,buy
850088,0.29761699,2016-12-05 23:13:25,3292.82,buy
850089,0.0922614,2016-12-05 23:13:58,3292.82,buy
850090,0.034468900000000004,2016-12-05 23:14:33,3292.82,buy
850091,0.07349320000000001,2016-12-05 23:16:50,3292.82,buy
850092,0.0446426,2016-12-05 23:18:51,3292.82,buy
850093,0.0366222,2016-12-05 23:20:19,3292.82,buy
850094,0.00376631,2016-12-05 23:21:19,3295.0,buy
850095,0.0265827,2016-12-05 23:25:18,3295.0,buy
850096,0.0163686,2016-12-05 23:25:19,3299.0,buy
850097,0.043769,2016-12-05 23:25:49,3290.0,buy
850098,0.9562309999999999,2016-12-05 23:25:53,3290.0,buy
850099,0.9914,2016-12-05 23:25:53,3296.0,buy
850100,0.31221601,2016-12-05 23:30:52,3299.0,buy
850101,0.515311,2016-12-05 23:32:03,3299.0,buy
850102,5.78479004,2016-12-05 23:33:39,3299.0,buy
850103,0.0152905,2016-12-05 23:35:49,3270.0,sell
850104,0.0175392,2016-12-05 23:35:49,3270.0,sell
850105,0.008,2016-12-05 23:37:56,3300.0,buy
850106,0.97667599,2016-12-06 00:00:32,3295.0,buy
850107,0.099766,2016-12-06 00:00:43,3295.0,buy
850108,0.35440001,2016-12-06 00:04:18,3295.0,buy
850109,0.0097664,2016-12-06 00:04:26,3295.0,buy
850110,0.012,2016-12-06 00:06:00,3290.0,buy
850111,0.0487162,2016-12-06 00:06:01,3295.0,buy
850112,1.08433998,2016-12-06 00:14:54,3295.0,buy
850113,0.35534,2016-12-06 00:17:32,3295.0,buy
850114,0.0992344,2016-12-06 00:17:40,3295.0,buy
850115,1.85046005,2016-12-06 00:19:20,3295.0,buy
850116,0.13536599,2016-12-06 00:43:03,3270.0,sell
850117,0.09726439999999999,2016-12-06 00:49:42,3290.0,buy
850118,0.00607902,2016-12-06 00:52:07,3290.0,buy
850119,0.0759876,2016-12-06 01:19:47,3290.0,buy
850120,0.0035629,2016-12-06 01:55:09,3267.0,sell
850121,1.48643994,2016-12-06 01:55:09,3267.0,sell
850122,0.80387801,2016-12-06 02:16:58,3265.04,sell
850123,0.59498298,2016-12-06 02:16:58,3267.0,sell
850124,0.00159828,2016-12-06 03:17:43,3266.01,sell
850125,0.30811799,2016-12-06 03:17:43,3265.04,sell
850126,0.26800001,2016-12-06 03:32:22,3265.04,sell
850127,0.30580999999999997,2016-12-06 05:11:04,3270.0,sell
850128,0.0108548,2016-12-06 06:31:59,3265.04,sell
850129,0.0501543,2016-12-06 06:53:18,3265.04,sell
850130,0.00195669,2016-12-06 07:07:28,3265.04,sell
850131,0.0135901,2016-12-06 07:19:56,3265.04,sell
850132,0.30399999,2016-12-06 07:33:11,3265.04,sell
850133,0.0535,2016-12-06 07:46:55,3265.05,sell
850134,0.1,2016-12-06 07:54:04,3265.05,sell
850135,0.0456621,2016-12-06 08:04:30,3285.0,buy
863336,0.014885299999999999,2016-12-18 17:32:13,3359.01,sell
863337,1.39552999,2016-12-18 17:32:13,3359.0,sell
863338,0.151365,2016-12-18 17:32:13,3360.0,sell
863339,0.146824,2016-12-18 17:33:13,3359.01,sell
863340,0.00385982,2016-12-18 17:34:11,3359.01,sell
863341,0.00066752,2016-12-18 17:35:12,3359.02,sell
863342,0.32707599,2016-12-18 17:40:42,3375.0,buy
863343,0.07798789999999999,2016-12-18 17:42:10,3364.0,sell
863344,0.316755,2016-12-18 17:44:07,3364.01,sell
863345,0.06473,2016-12-18 17:44:10,3364.01,sell
863346,0.012595,2016-12-18 17:45:06,3364.01,sell
863347,0.00065627,2016-12-18 17:46:16,3364.01,sell
863348,0.0592592,2016-12-18 17:48:48,3375.0,buy
863349,0.04817659999999999,2016-12-18 17:53:04,3366.0,sell
863350,0.11061300000000002,2016-12-18 17:53:06,3364.01,sell
863351,0.144852,2016-12-18 17:53:08,3364.0,sell
863352,0.183383,2016-12-18 17:54:10,3365.0,sell
863353,0.00907265,2016-12-18 17:55:07,3365.0,sell
863354,0.187813,2016-12-18 17:58:10,3367.0,sell
863355,0.03283,2016-12-18 17:59:33,3367.0,sell
863356,0.20299201,2016-12-18 18:00:14,3367.0,sell
863357,0.19196001,2016-12-18 18:01:06,3367.0,sell
863358,0.187547,2016-12-18 18:02:14,3367.0,sell
863359,0.81168097,2016-12-18 18:04:03,3367.0,sell
863360,1.01168001,2016-12-18 18:04:12,3367.0,sell
863361,0.83618301,2016-12-18 18:05:12,3367.0,sell
863362,1.00899005,2016-12-18 18:06:15,3367.0,sell
863363,0.15485901,2016-12-18 18:07:13,3367.0,sell
863364,0.0323291,2016-12-18 18:08:16,3367.0,sell
863365,0.00387587,2016-12-18 18:09:11,3367.0,sell
863366,0.0706341,2016-12-18 18:09:50,3367.0,sell
863367,1.17755997,2016-12-18 18:11:09,3367.0,sell
863368,1.04815996,2016-12-18 18:12:08,3367.0,sell
863369,0.88675302,2016-12-18 18:13:10,3367.0,sell
863370,1.07404006,2016-12-18 18:16:10,3368.0,sell
863371,0.211184,2016-12-18 18:17:10,3368.0,sell
863372,0.014814700000000002,2016-12-18 18:17:20,3375.0,buy
863373,0.99005997,2016-12-18 18:19:14,3368.0,sell
863374,0.024,2016-12-18 18:19:49,3375.0,buy
863375,0.110893,2016-12-18 18:21:09,3368.01,sell
863376,0.72000498,2016-12-18 18:21:09,3368.0,sell
863377,0.48289999,2016-12-18 18:22:23,3368.0,sell
863378,0.09731260000000001,2016-12-18 18:25:05,3375.0,buy
863379,0.181896,2016-12-18 18:26:56,3369.0,sell
863380,0.154612,2016-12-18 18:27:16,3368.0,sell
863381,0.00253977,2016-12-18 18:29:08,3369.0,buy
863382,0.00964779,2016-12-18 18:29:08,3369.0,buy
863383,0.0121876,2016-12-18 18:29:08,3369.0,buy
863384,0.00296296,2016-12-18 18:31:17,3375.0,buy
863385,0.485695,2016-12-18 18:33:09,3370.0,sell
863386,0.056950400000000005,2016-12-18 18:34:09,3370.0,sell
863387,0.200664,2016-12-18 18:36:06,3371.0,sell
863388,1.42104006,2016-12-18 18:37:14,3371.0,sell
863389,1.22209001,2016-12-18 18:38:11,3371.0,sell
863390,0.111956,2016-12-18 18:39:45,3371.0,sell
863391,0.81770498,2016-12-18 18:40:08,3371.0,sell
863392,0.62245399,2016-12-18 18:41:10,3371.0,sell
863393,0.37865499,2016-12-18 18:42:10,3371.0,sell
863394,1.27239001,2016-12-18 18:43:11,3371.0,sell
863395,0.00131435,2016-12-18 18:43:34,3371.0,sell
863396,0.27867299,2016-12-18 18:44:02,3375.0,buy
863397,0.58294398,2016-12-18 18:44:02,3375.0,buy
863398,0.40601501,2016-12-18 18:44:02,3398.99,buy
863399,1.27348006,2016-12-18 18:45:10,3371.0,sell
863400,0.408692,2016-12-18 18:46:13,3371.0,sell
863401,0.0899712,2016-12-18 18:47:10,3371.0,sell
863402,0.46303201,2016-12-18 18:49:08,3377.0,buy
863403,0.277596,2016-12-18 18:50:14,3377.0,buy
863404,0.08612810000000001,2016-12-18 18:51:08,3377.0,buy
863405,0.0592893,2016-12-18 18:51:21,3377.0,buy
863406,0.074162,2016-12-18 18:51:42,3371.0,sell
863407,1.3434,2016-12-18 18:52:12,3371.0,sell
863408,0.23938601,2016-12-18 18:52:40,3370.0,sell
863409,0.41986599999999996,2016-12-18 18:52:40,3371.0,sell
863410,0.79798198,2016-12-18 18:54:12,3370.0,sell
863411,0.0595918,2016-12-18 18:55:10,3370.0,sell
863412,1.27742004,2016-12-18 18:57:08,3371.0,sell
863413,0.282047,2016-12-18 18:59:07,3372.0,sell
863414,0.48780301,2016-12-18 19:00:11,3372.0,sell
863415,0.40821701,2016-12-18 19:01:07,3372.0,sell
863416,0.55285102,2016-12-18 19:02:09,3372.0,sell
863417,0.45333499,2016-12-18 19:03:15,3371.0,sell
863418,0.24489,2016-12-18 19:03:15,3372.0,sell
863419,0.13436700000000001,2016-12-18 19:03:54,3371.0,sell
863420,0.48756501,2016-12-18 19:04:11,3371.0,sell
863421,0.53855199,2016-12-18 19:06:18,3373.0,buy
863422,0.26833099,2016-12-18 19:07:09,3373.0,buy
863423,0.26833099,2016-12-18 19:07:09,3373.0,buy
863424,0.00929736,2016-12-18 19:07:13,3373.0,buy
863425,0.09393960000000001,2016-12-18 19:08:14,3373.0,buy
863426,0.0817275,2016-12-18 19:09:15,3373.0,sell
863427,1.17936003,2016-12-18 19:11:15,3373.0,sell
863428,0.86631203,2016-12-18 19:12:10,3373.0,sell
863429,0.50507098,2016-12-18 19:12:10,3371.0,sell
863430,0.350932,2016-12-18 19:12:10,3371.0,sell
863431,0.49037299,2016-12-18 19:13:15,3371.0,sell
863432,0.30075100000000005,2016-12-18 19:14:10,3371.0,sell
863433,0.211604,2016-12-18 19:14:29,3371.0,sell
863434,1.45185995,2016-12-18 19:16:14,3371.0,sell
863435,0.014832399999999999,2016-12-18 19:17:24,3373.0,sell
897134,0.201444,2017-01-07 04:31:08,3759.21,sell
897135,0.36000001,2017-01-07 04:31:08,3751.1,sell
897136,0.13333299999999998,2017-01-07 04:31:08,3750.0,sell
897137,2.54011011,2017-01-07 04:31:08,3740.0,sell
897138,0.34995899,2017-01-07 04:33:29,3724.81,sell
897139,0.0085906,2017-01-07 04:33:29,3725.0,sell
897140,0.13458900000000001,2017-01-07 04:34:30,3715.0,sell
897141,0.33271,2017-01-07 04:34:30,3701.06,sell
897142,0.10772999999999999,2017-01-07 04:34:30,3713.0,sell
897143,48.25780106,2017-01-07 04:34:30,3700.0,sell
897144,0.26939699,2017-01-07 04:34:30,3712.0,sell
897145,0.13458900000000001,2017-01-07 04:34:30,3715.0,sell
897146,0.134698,2017-01-07 04:34:30,3712.0,sell
897147,3.12729001,2017-01-07 04:34:30,3715.0,sell
897148,0.05,2017-01-07 04:34:30,3715.0,sell
897149,1.36283004,2017-01-07 04:44:31,3700.0,sell
897150,0.25,2017-01-07 04:44:31,3700.05,sell
897151,0.00282162,2017-01-07 04:44:39,3700.0,sell
897152,0.13513499,2017-01-07 04:44:39,3700.0,sell
897153,0.37939399,2017-01-07 04:44:39,3700.0,sell
897154,0.54054099,2017-01-07 04:44:39,3700.0,sell
897155,0.157865,2017-01-07 04:44:39,3700.0,sell
897156,0.197045,2017-01-07 04:44:39,3700.0,sell
897157,0.19965,2017-01-07 04:44:56,3700.0,sell
897158,0.23712199999999997,2017-01-07 04:55:36,3700.0,sell
897159,0.36618301,2017-01-07 04:56:57,3700.0,sell
897160,0.13513499,2017-01-07 04:56:58,3700.0,sell
897161,0.47083801,2017-01-07 04:57:13,3699.83,sell
897162,0.0604099,2017-01-07 04:57:57,3699.83,sell
897163,0.27608001,2017-01-07 05:03:23,3700.0,sell
897164,0.119376,2017-01-07 05:08:50,3700.0,sell
897165,0.31738999,2017-01-07 05:08:51,3666.62,sell
897166,0.175171,2017-01-07 05:08:51,3665.0,sell
897167,0.537435,2017-01-07 05:08:51,3673.0,sell
897168,0.213917,2017-01-07 05:08:51,3620.0,sell
897169,1.66299999,2017-01-07 05:08:51,3624.0,sell
897170,0.127,2017-01-07 05:08:51,3650.0,sell
897171,0.54629898,2017-01-07 05:08:51,3661.0,sell
897172,0.26660001,2017-01-07 05:08:51,3666.66,sell
897173,0.00550358,2017-01-07 05:08:51,3634.0,sell
897174,0.0397241,2017-01-07 05:08:51,3625.0,sell
897175,0.013698599999999998,2017-01-07 05:08:51,3650.0,sell
897176,0.537184,2017-01-07 05:08:51,3661.5,sell
897177,0.01234,2017-01-07 05:08:51,3639.0,sell
897178,0.0333151,2017-01-07 05:08:51,3662.0,sell
897179,0.23974,2017-01-07 05:08:51,3699.75,sell
897180,0.28744200000000003,2017-01-07 05:08:51,3699.83,sell
897181,0.0168835,2017-01-07 05:08:52,3613.0,sell
897182,5.46731997,2017-01-07 05:08:52,3603.0,sell
897183,0.36000001,2017-01-07 05:08:52,3603.0,sell
897184,3.61852002,2017-01-07 05:08:52,3604.0,sell
897185,4.94949007,2017-01-07 05:08:52,3603.0,sell
897186,0.018000000000000002,2017-01-07 05:08:52,3611.11,sell
897187,0.21135700000000002,2017-01-07 05:08:52,3610.0,sell
897188,0.98632997,2017-01-07 05:08:52,3619.0,sell
897189,0.015248099999999999,2017-01-07 05:08:52,3607.0,sell
897190,0.0215768,2017-01-07 05:08:52,3615.0,sell
897191,0.12354100000000001,2017-01-07 05:10:15,3683.0,buy
897192,0.93382198,2017-01-07 05:10:15,3687.0,buy
897193,0.23089400000000002,2017-01-07 05:10:15,3690.0,buy
897194,0.033071300000000005,2017-01-07 05:10:15,3689.0,buy
897195,0.00431351,2017-01-07 05:10:15,3680.0,buy
897196,0.174208,2017-01-07 05:10:15,3691.0,buy
897197,0.41824099,2017-01-07 05:10:15,3680.0,buy
897198,0.0251889,2017-01-07 05:10:27,3610.0,sell
897199,0.00232425,2017-01-07 05:10:53,3670.0,buy
897200,0.0280272,2017-01-07 05:11:14,3673.0,buy
897201,0.014096000000000001,2017-01-07 05:11:14,3673.0,buy
897202,0.03308030000000001,2017-01-07 05:11:14,3673.0,buy
897203,0.0123896,2017-01-07 05:11:14,3670.0,buy
897204,0.186085,2017-01-07 05:11:15,3673.0,buy
897205,1.00432003,2017-01-07 05:11:15,3673.0,buy
897206,0.54054099,2017-01-07 05:11:15,3673.0,buy
897207,0.117727,2017-01-07 05:11:16,3678.0,buy
897208,0.014096000000000001,2017-01-07 05:11:16,3689.0,buy
897209,0.03308030000000001,2017-01-07 05:11:16,3688.0,buy
897210,0.0280272,2017-01-07 05:11:16,3675.0,buy
897211,0.29676899,2017-01-07 05:11:16,3683.0,buy
897212,22.34000015,2017-01-07 05:12:08,3660.0,sell
897213,32.30479813,2017-01-07 05:12:13,3660.0,sell
897214,0.033661300000000005,2017-01-07 05:12:14,3690.0,buy
897215,0.0120513,2017-01-07 05:16:42,3640.0,buy
897216,0.22180501,2017-01-07 05:17:52,3640.0,buy
897217,0.00570381,2017-01-07 05:17:54,3640.0,buy
897218,0.384693,2017-01-07 05:17:54,3640.0,buy
897219,0.14908201,2017-01-07 05:17:57,3649.0,buy
897220,1.4472399999999999,2017-01-07 05:17:57,3658.0,buy
897221,1.61530995,2017-01-07 05:17:57,3640.0,buy
897222,0.28,2017-01-07 05:17:57,3650.0,buy
897223,0.115521,2017-01-07 05:17:57,3653.0,buy
897224,0.033461300000000006,2017-01-07 05:17:57,3646.0,buy
897225,0.50356901,2017-01-07 05:17:57,3642.0,buy
897226,0.0247432,2017-01-07 05:17:58,3660.0,buy
897227,3.48017001,2017-01-07 05:26:49,3640.0,buy
897228,0.02,2017-01-07 05:28:06,3601.0,sell
897229,0.18000001,2017-01-07 05:28:06,3601.0,sell
897230,0.07707460000000001,2017-01-07 05:29:25,3601.0,sell
897231,0.00274725,2017-01-07 05:31:38,3640.0,buy
897232,0.02744,2017-01-07 05:35:46,3605.0,sell
897233,4.24429989,2017-01-07 05:35:54,3605.0,sell
2238009,0.05240571,2017-11-29 19:07:20,36350.0,sell
2238010,0.00035082,2017-11-29 19:07:20,36400.0,sell
2238011,0.02727635,2017-11-29 19:07:24,36348.99,sell
2238012,0.00035082,2017-11-29 19:07:24,36350.0,sell
2238013,0.00996636,2017-11-29 19:07:36,36444.0,buy
2238014,0.03119381,2017-11-29 19:07:36,36443.0,buy
2238015,0.00023501,2017-11-29 19:07:45,36348.99,sell
2238016,0.00303502,2017-11-29 19:07:58,36444.0,buy
2238017,0.0015300000000000001,2017-11-29 19:07:58,36400.0,buy
2238018,0.05178137,2017-11-29 19:08:00,36363.28,sell
2238019,0.00027441,2017-11-29 19:08:09,36442.0,buy
2238020,0.00814292,2017-11-29 19:08:10,36442.0,buy
2238021,0.0049324,2017-11-29 19:08:10,36444.0,buy
2238022,0.02797194,2017-11-29 19:08:19,36446.0,buy
2238023,0.06088647,2017-11-29 19:08:19,36440.0,buy
2238024,0.04707972,2017-11-29 19:08:19,36444.0,buy
2238025,0.5856357,2017-11-29 19:08:19,36446.99,buy
2238026,0.03,2017-11-29 19:08:20,36384.51,sell
2238027,0.00027325,2017-11-29 19:08:25,36391.84,sell
2238028,0.02942432,2017-11-29 19:08:27,36391.84,sell
2238029,0.00137194,2017-11-29 19:08:32,36445.0,buy
2238030,0.02757305,2017-11-29 19:08:37,36398.59,sell
2238031,0.07221655,2017-11-29 19:08:54,36408.07,sell
2238032,0.05121521,2017-11-29 19:08:54,36404.68,sell
2238033,0.00066705,2017-11-29 19:08:54,36401.65,sell
2238034,0.07052619,2017-11-29 19:08:54,36411.26,sell
2238035,0.00251067,2017-11-29 19:08:57,36449.99,buy
2238036,0.0023572,2017-11-29 19:08:57,36448.99,buy
2238037,0.00279697,2017-11-29 19:08:57,36449.99,buy
2238038,0.00279697,2017-11-29 19:08:57,36449.99,buy
2238039,0.11881318,2017-11-29 19:08:57,36445.0,buy
2238040,0.0031763,2017-11-29 19:08:57,36449.99,buy
2238041,0.00280037,2017-11-29 19:08:57,36449.99,buy
2238042,0.00926345,2017-11-29 19:08:57,36449.99,buy
2238043,0.57176981,2017-11-29 19:08:57,36498.0,buy
2238044,0.00167635,2017-11-29 19:08:57,36449.99,buy
2238045,0.00280037,2017-11-29 19:08:57,36449.99,buy
2238046,0.07516599,2017-11-29 19:08:57,36401.65,sell
2238047,0.021528099999999998,2017-11-29 19:08:57,36363.28,sell
2238048,0.03883043,2017-11-29 19:08:57,36338.09,sell
2238049,0.01000926,2017-11-29 19:08:57,36367.02,sell
2238050,0.05906674,2017-11-29 19:08:57,36381.3,sell
2238051,0.02332271,2017-11-29 19:08:57,36395.09,sell
2238052,0.07488516,2017-11-29 19:08:57,36334.38,sell
2238053,0.087761,2017-11-29 19:08:57,36359.33,sell
2238054,0.00473263,2017-11-29 19:08:57,36391.84,sell
2238055,0.05826181,2017-11-29 19:08:57,36341.41,sell
2238056,0.03517532,2017-11-29 19:08:57,36388.43,sell
2238057,0.02006268,2017-11-29 19:08:57,36398.59,sell
2238058,0.03931816,2017-11-29 19:08:57,36377.64,sell
2238059,0.05097367,2017-11-29 19:08:57,36355.34,sell
2238060,0.05559089,2017-11-29 19:08:57,36347.9,sell
2238061,0.01281856,2017-11-29 19:08:57,36351.38,sell
2238062,0.05956723,2017-11-29 19:08:57,36344.78,sell
2238063,0.08788512,2017-11-29 19:08:57,36373.95,sell
2238064,17.7365312,2017-11-29 19:08:57,36327.0,sell
2238065,0.03532371,2017-11-29 19:08:57,36370.32,sell
2238066,0.01942561,2017-11-29 19:08:57,36330.79,sell
2238067,0.04888282,2017-11-29 19:08:57,36384.51,sell
2238068,0.01875107,2017-11-29 19:08:57,36327.46,sell
2238069,0.01739341,2017-11-29 19:09:04,36323.83,sell
2238070,0.02752774,2017-11-29 19:09:19,36327.0,buy
2238071,0.001,2017-11-29 19:09:23,36323.83,sell
2238072,0.005863,2017-11-29 19:09:24,36327.0,buy
2238073,0.07362552,2017-11-29 19:09:30,36319.99,sell
2238074,0.00220264,2017-11-29 19:09:30,36319.99,sell
2238075,0.00220264,2017-11-29 19:09:30,36319.99,sell
2238076,0.00220264,2017-11-29 19:09:30,36319.99,sell
2238077,0.01511684,2017-11-29 19:09:30,36316.7,sell
2238078,0.00220264,2017-11-29 19:09:30,36319.99,sell
2238079,0.00220264,2017-11-29 19:09:30,36319.99,sell
2238080,0.00220264,2017-11-29 19:09:30,36319.99,sell
2238081,0.01626382,2017-11-29 19:09:30,36235.27,sell
2238082,0.00220264,2017-11-29 19:09:30,36319.99,sell
2238083,0.00220264,2017-11-29 19:09:30,36319.99,sell
2238084,0.01007903,2017-11-29 19:09:30,36323.83,sell
2238085,0.00137665,2017-11-29 19:09:30,36319.99,sell
2238086,0.29486542,2017-11-29 19:09:30,36315.0,sell
2238087,0.00454538,2017-11-29 19:09:38,36235.27,sell
2238088,0.029190800000000006,2017-11-29 19:09:40,36235.27,sell
2238089,0.0008092,2017-11-29 19:09:46,36235.27,buy
2238090,0.02737163,2017-11-29 19:09:49,36235.27,sell
2238091,0.05679890000000001,2017-11-29 19:09:49,36150.0,sell
2238092,0.00912293,2017-11-29 19:09:50,36327.0,buy
2238093,0.03,2017-11-29 19:10:23,36151.0,sell
2238094,0.00164872,2017-11-29 19:10:41,36325.0,buy
2238095,0.041953199999999996,2017-11-29 19:10:43,36325.0,buy
2238096,0.05249716,2017-11-29 19:10:46,36150.0,sell
2238097,0.02250284,2017-11-29 19:10:46,36151.0,sell
2238098,0.0163,2017-11-29 19:11:00,36150.0,sell
2238099,0.006,2017-11-29 19:11:06,36150.0,sell
2238100,0.00190667,2017-11-29 19:11:21,36151.0,sell
2238101,0.006,2017-11-29 19:11:21,36151.0,sell
2238102,0.00190667,2017-11-29 19:11:23,36151.0,sell
2238103,0.003,2017-11-29 19:11:23,36151.0,sell
2238104,0.07989478,2017-11-29 19:11:24,36327.0,buy
2238105,0.15639808,2017-11-29 19:11:24,36325.0,buy
2238106,0.03,2017-11-29 19:11:24,36401.65,buy
2238107,0.03165286,2017-11-29 19:11:24,36497.99,buy
2238108,0.25002951,2017-11-29 19:11:24,36498.0,buy
2238109,0.0165279,2017-11-29 19:11:25,36151.0,sell
2238110,0.02352307,2017-11-29 19:11:27,36629.8,buy
2238111,0.02495211,2017-11-29 19:11:27,36666.51,buy
2238112,0.03013072,2017-11-29 19:11:27,36651.29,buy
2238113,0.01929122,2017-11-29 19:11:27,36669.99,buy
2238114,0.01262711,2017-11-29 19:11:27,36643.85,buy
2238115,0.05292,2017-11-29 19:11:27,36619.41,buy
2238116,0.08751972,2017-11-29 19:11:27,36640.81,buy
2238117,0.0359024,2017-11-29 19:11:27,36500.0,buy
2238118,0.02657684,2017-11-29 19:11:27,36659.1,buy
2238119,0.04882552,2017-11-29 19:11:27,36622.7,buy
2238120,0.0104334,2017-11-29 19:11:27,36626.19,buy
2238121,0.02439444,2017-11-29 19:11:27,36663.03,buy
2238122,0.03739039,2017-11-29 19:11:27,36655.11,buy
2238123,0.0498325,2017-11-29 19:11:27,36647.5,buy
2238124,0.61003614,2017-11-29 19:11:27,36672.2,buy
2238125,0.17640068,2017-11-29 19:11:27,36498.0,buy
2238126,0.03523812,2017-11-29 19:11:27,36637.11,buy
2238127,0.01928835,2017-11-29 19:11:27,36500.0,buy
2238128,0.02970547,2017-11-29 19:11:27,36633.71,buy
2238129,0.05780425,2017-11-29 19:11:27,36500.0,buy
2238130,0.00013635,2017-11-29 19:11:27,36672.2,buy
2238131,0.00301352,2017-11-29 19:11:29,36151.0,sell
2238132,0.00297147,2017-11-29 19:11:29,36498.0,sell
2238133,0.00637704,2017-11-29 19:11:30,36672.2,buy
2238134,0.006,2017-11-29 19:11:34,36151.0,sell
2238135,0.0030212,2017-11-29 19:11:43,36153.0,sell
2238136,0.01473582,2017-11-29 19:11:49,36155.0,sell
2238137,0.00546418,2017-11-29 19:11:49,36602.0,sell
2238138,0.00642947,2017-11-29 19:11:58,36640.0,buy
2238139,0.074504,2017-11-29 19:12:02,36155.0,sell
2238140,0.010365000000000001,2017-11-29 19:12:03,36155.0,sell
2238141,0.3931,2017-11-29 19:12:04,36155.0,sell
2238142,0.00168673,2017-11-29 19:12:06,36155.0,sell
2238143,0.05349239,2017-11-29 19:12:06,36153.0,sell
2238144,0.02766021,2017-11-29 19:12:06,36153.01,sell
2238145,0.00560845,2017-11-29 19:12:06,36155.0,sell
2238146,0.17482999999999999,2017-11-29 19:12:07,36153.0,sell
2238147,0.00278344,2017-11-29 19:12:07,36153.0,sell
2238148,0.02600983,2017-11-29 19:12:12,36640.0,buy
2238149,0.006,2017-11-29 19:12:13,36160.0,sell
2238150,0.00959166,2017-11-29 19:12:15,36154.0,sell
2238151,0.00049834,2017-11-29 19:12:15,36160.0,sell
2238152,0.03365,2017-11-29 19:12:15,36154.0,sell
2238153,0.006,2017-11-29 19:12:22,36160.0,sell
2238154,0.00256308,2017-11-29 19:12:23,36620.0,buy
2238155,0.00601474,2017-11-29 19:12:26,36200.0,sell
2238156,0.00215791,2017-11-29 19:12:28,36200.0,sell
2238157,0.00049875,2017-11-29 19:12:34,36200.0,sell
2238158,0.33169216,2017-11-29 19:12:39,36200.0,sell
2281215,0.0024008000000000002,2017-12-02 08:27:36,37338.0,buy
2281216,0.03980321,2017-12-02 08:28:50,37051.0,sell
2281217,0.40709265,2017-12-02 08:30:19,37056.1,sell
2281218,0.13390262,2017-12-02 08:30:42,37338.0,buy
2281219,0.00134699,2017-12-02 08:34:08,37119.7,sell
2281220,0.03357738,2017-12-02 08:34:16,37092.92,sell
2281221,0.00029896,2017-12-02 08:34:21,37330.0,buy
2281222,0.00042366,2017-12-02 08:34:43,37330.0,buy
2281223,0.05646922,2017-12-02 08:35:33,37330.0,sell
2281224,0.00334339,2017-12-02 08:36:07,37330.0,sell
2281225,0.012,2017-12-02 08:36:18,37330.0,buy
2281226,0.0564,2017-12-02 08:36:22,37330.0,buy
2281227,0.035410000000000004,2017-12-02 08:36:24,37330.0,buy
2281228,0.04532,2017-12-02 08:36:27,37330.0,buy
2281229,0.032119999999999996,2017-12-02 08:36:30,37330.0,buy
2281230,0.02451,2017-12-02 08:36:32,37330.0,buy
2281231,0.5841,2017-12-02 08:36:35,37330.0,buy
2281232,0.035421,2017-12-02 08:36:40,37330.0,buy
2281233,0.058621300000000015,2017-12-02 08:36:43,37330.0,buy
2281234,1.8424099999999999,2017-12-02 08:36:49,37330.0,buy
2281235,0.035421,2017-12-02 08:36:53,37330.0,buy
2281236,0.035421,2017-12-02 08:36:56,37330.0,buy
2281237,0.0681,2017-12-02 08:36:59,37330.0,buy
2281238,0.02,2017-12-02 08:37:02,37120.09,sell
2281239,0.01,2017-12-02 08:37:02,37162.07,sell
2281240,0.658421,2017-12-02 08:37:05,37330.0,buy
2281241,0.03542,2017-12-02 08:37:11,37330.0,buy
2281242,0.00537661,2017-12-02 08:37:49,37200.0,sell
2281243,0.24442263,2017-12-02 08:37:49,37130.0,sell
2281244,0.0354,2017-12-02 08:37:51,37330.0,buy
2281245,0.01,2017-12-02 08:37:55,37131.0,sell
2281246,0.08325,2017-12-02 08:37:55,37330.0,buy
2281247,0.68542,2017-12-02 08:37:58,37330.0,buy
2281248,0.035421,2017-12-02 08:38:00,37330.0,buy
2281249,0.0354,2017-12-02 08:38:03,37330.0,buy
2281250,0.054000000000000006,2017-12-02 08:38:12,37330.0,buy
2281251,0.0354,2017-12-02 08:38:17,37330.0,buy
2281252,0.035421,2017-12-02 08:38:22,37330.0,buy
2281253,0.054000000000000006,2017-12-02 08:38:24,37330.0,buy
2281254,1.0532,2017-12-02 08:38:29,37330.0,buy
2281255,0.036539999999999996,2017-12-02 08:38:35,37330.0,buy
2281256,0.042539999999999994,2017-12-02 08:38:37,37330.0,buy
2281257,0.08751,2017-12-02 08:38:41,37330.0,buy
2281258,0.00559087,2017-12-02 08:39:01,37330.0,buy
2281259,0.0002844,2017-12-02 08:39:01,37329.99,buy
2281260,0.0584,2017-12-02 08:39:26,37330.0,buy
2281261,0.035421,2017-12-02 08:39:29,37330.0,buy
2281262,0.0354,2017-12-02 08:39:32,37330.0,buy
2281263,0.015,2017-12-02 08:39:38,37330.0,buy
2281264,0.0354,2017-12-02 08:39:46,37330.0,buy
2281265,1.105425,2017-12-02 08:39:51,37330.0,buy
2281266,0.03584,2017-12-02 08:39:55,37330.0,buy
2281267,0.0358421,2017-12-02 08:40:00,37330.0,buy
2281268,3.5421,2017-12-02 08:40:05,37330.0,buy
2281269,0.024,2017-12-02 08:40:15,37330.0,buy
2281270,0.00535763,2017-12-02 08:40:17,37330.0,buy
2281271,0.0542,2017-12-02 08:40:19,37330.0,buy
2281272,0.01453632,2017-12-02 08:40:21,37330.0,buy
2281273,0.035421,2017-12-02 08:40:25,37330.0,buy
2281274,0.0534,2017-12-02 08:40:28,37330.0,buy
2281275,0.0153,2017-12-02 08:40:32,37330.0,buy
2281276,0.0354,2017-12-02 08:40:36,37330.0,buy
2281277,0.0245,2017-12-02 08:40:39,37330.0,buy
2281278,0.00623377,2017-12-02 08:40:40,37330.0,buy
2281279,0.00255291,2017-12-02 08:40:56,37330.0,buy
2281280,0.13394054,2017-12-02 08:41:09,37330.0,buy
2281281,0.03103081,2017-12-02 08:41:22,37330.0,buy
2281282,0.02543,2017-12-02 08:41:24,37330.0,buy
2281283,0.03254,2017-12-02 08:41:28,37330.0,buy
2281284,0.045654,2017-12-02 08:41:31,37330.0,buy
2281285,0.04861,2017-12-02 08:41:35,37330.0,buy
2281286,0.0545,2017-12-02 08:41:38,37330.0,buy
2281287,2.2287,2017-12-02 08:41:44,37330.0,buy
2281288,0.0145,2017-12-02 08:41:47,37330.0,buy
2281289,0.03684,2017-12-02 08:41:51,37330.0,buy
2281290,0.199142,2017-12-02 08:41:58,37330.0,buy
2281291,0.03254,2017-12-02 08:41:58,37330.0,buy
2281292,0.0254,2017-12-02 08:42:03,37330.0,buy
2281293,0.00274274,2017-12-02 08:42:24,37330.0,buy
2281294,0.05125726,2017-12-02 08:42:24,37320.0,buy
2281295,0.04863,2017-12-02 08:42:27,37330.0,buy
2281296,0.0354,2017-12-02 08:42:30,37330.0,buy
2281297,0.054000000000000006,2017-12-02 08:42:36,37330.0,buy
2281298,0.6692096,2017-12-02 08:42:38,37330.0,buy
2281299,0.0254,2017-12-02 08:42:40,37330.0,buy
2281300,2.6542,2017-12-02 08:42:46,37330.0,buy
2281301,0.0254,2017-12-02 08:42:52,37330.0,buy
2281302,0.002,2017-12-02 08:42:52,37273.1,sell
2281303,0.021583,2017-12-02 08:42:55,37330.0,buy
2281304,0.013584,2017-12-02 08:42:57,37330.0,buy
2281305,0.035842,2017-12-02 08:43:01,37330.0,buy
2281306,0.0135,2017-12-02 08:43:04,37330.0,buy
2281307,0.0354,2017-12-02 08:43:08,37330.0,buy
2281308,0.04934289,2017-12-02 08:43:14,37330.0,buy
2281309,0.0254,2017-12-02 08:43:17,37330.0,buy
2281310,0.0354,2017-12-02 08:43:20,37330.0,buy
2281311,1.1054,2017-12-02 08:43:24,37330.0,buy
2281312,0.0254,2017-12-02 08:43:29,37330.0,buy
2281313,0.11077848,2017-12-02 08:43:32,37330.0,buy
2281314,0.25807713,2017-12-02 08:43:32,37330.0,buy
2284403,0.00104254,2017-12-02 15:13:06,37878.99,buy
2284404,0.012131,2017-12-02 15:13:27,37878.99,buy
2284405,0.0192587,2017-12-02 15:13:30,37878.99,buy
2284406,0.2006,2017-12-02 15:13:36,37700.0,sell
2284407,0.0344,2017-12-02 15:13:36,37760.0,sell
2284408,0.00503567,2017-12-02 15:14:05,37850.0,buy
2284409,0.00735865,2017-12-02 15:14:09,37850.0,buy
2284410,0.13443144,2017-12-02 15:14:44,37850.0,buy
2284411,0.00159428,2017-12-02 15:14:49,37797.77,sell
2284412,0.00793698,2017-12-02 15:15:20,37797.77,sell
2284413,0.00793698,2017-12-02 15:15:20,37797.77,sell
2284414,0.00793698,2017-12-02 15:15:20,37797.77,sell
2284415,0.00793698,2017-12-02 15:15:20,37797.77,sell
2284416,0.00793698,2017-12-02 15:15:20,37797.77,sell
2284417,0.0063427,2017-12-02 15:15:20,37797.77,sell
2284418,0.026525200000000002,2017-12-02 15:15:24,37700.0,sell
2284419,0.00089089,2017-12-02 15:15:28,37850.0,buy
2284420,0.03608333,2017-12-02 15:15:36,37678.4,sell
2284421,0.00051467,2017-12-02 15:15:49,37849.99,buy
2284422,0.12839626,2017-12-02 15:15:54,37678.4,sell
2284423,0.03552041,2017-12-02 15:16:02,37678.4,sell
2284424,0.00808369,2017-12-02 15:16:10,37678.39,sell
2284425,0.07267216,2017-12-02 15:16:14,37664.72,sell
2284426,0.04721924,2017-12-02 15:16:14,37669.41,sell
2284427,0.01324932,2017-12-02 15:16:14,37673.85,sell
2284428,0.01428461,2017-12-02 15:16:21,37664.72,sell
2284429,0.08751825,2017-12-02 15:16:29,37659.89,sell
2284430,0.01248175,2017-12-02 15:16:29,37655.47,sell
2284431,0.01710139,2017-12-02 15:16:43,37655.47,sell
2284432,0.00225925,2017-12-02 15:16:43,37650.83,sell
2284433,0.03565054,2017-12-02 15:16:56,37650.83,sell
2284434,0.19067073,2017-12-02 15:17:03,37612.0,sell
2284435,0.00023836,2017-12-02 15:17:04,37800.0,buy
2284436,0.00643753,2017-12-02 15:17:27,37620.0,sell
2284437,0.10714927,2017-12-02 15:17:27,37612.0,sell
2284438,0.04012883,2017-12-02 15:17:40,37611.0,sell
2284439,0.06229292,2017-12-02 15:17:59,37590.1,sell
2284440,0.01467614,2017-12-02 15:17:59,37567.88,sell
2284441,0.0623706,2017-12-02 15:17:59,37581.32,sell
2284442,0.03790904,2017-12-02 15:17:59,37594.95,sell
2284443,0.04642267,2017-12-02 15:17:59,37572.59,sell
2284444,0.06426797,2017-12-02 15:17:59,37585.66,sell
2284445,0.02460654,2017-12-02 15:17:59,37576.99,sell
2284446,0.0471277,2017-12-02 15:17:59,37599.51,sell
2284447,0.0008,2017-12-02 15:18:03,37800.0,buy
2284448,0.00079764,2017-12-02 15:18:15,37610.99,sell
2284449,0.00079764,2017-12-02 15:18:19,37610.99,sell
2284450,0.01329804,2017-12-02 15:18:29,37599.52,sell
2284451,0.00837703,2017-12-02 15:18:32,37567.88,sell
2284452,0.00529521,2017-12-02 15:18:32,37770.0,buy
2284453,0.14470479,2017-12-02 15:18:40,37770.0,buy
2284454,0.00063245,2017-12-02 15:19:48,37599.52,sell
2284455,0.00063245,2017-12-02 15:19:48,37599.52,sell
2284456,0.02808972,2017-12-02 15:19:51,37567.88,sell
2284457,0.0024159000000000003,2017-12-02 15:20:01,37563.8,sell
2284458,0.026000000000000002,2017-12-02 15:20:25,37567.88,buy
2284459,0.0184386,2017-12-02 15:20:29,37567.88,buy
2284460,0.00378845,2017-12-02 15:20:36,37720.0,buy
2284461,0.02174072,2017-12-02 15:21:39,37789.0,buy
2284462,0.06304141,2017-12-02 15:22:24,37790.0,buy
2284463,0.01082386,2017-12-02 15:22:24,37789.0,buy
2284464,0.01138571,2017-12-02 15:22:24,37788.0,buy
2284465,0.01226,2017-12-02 15:22:24,37790.0,buy
2284466,0.010579999999999999,2017-12-02 15:22:34,37730.18,sell
2284467,0.00377215,2017-12-02 15:22:37,37734.8,sell
2284468,0.00342121,2017-12-02 15:22:40,37734.8,sell
2284469,0.0016208,2017-12-02 15:22:43,37790.0,buy
2284470,0.03638452,2017-12-02 15:22:58,37743.44,sell
2284471,0.07048707,2017-12-02 15:22:58,37739.31,sell
2284472,0.01477315,2017-12-02 15:23:32,37736.36,sell
2284473,0.00166478,2017-12-02 15:23:32,37739.31,sell
2284474,0.025,2017-12-02 15:24:02,37734.8,sell
2284475,0.06359349,2017-12-02 15:24:29,37730.18,sell
2284476,0.00778404,2017-12-02 15:24:29,37734.8,sell
2284477,0.01994184,2017-12-02 15:24:29,37731.52,sell
2284478,0.01196506,2017-12-02 15:24:36,37717.31,sell
2284479,0.06580819,2017-12-02 15:24:36,37721.28,sell
2284480,0.06287787,2017-12-02 15:24:36,37725.49,sell
2284481,0.03174509,2017-12-02 15:24:36,37721.94,sell
2284482,0.07035137,2017-12-02 15:24:36,37726.56,sell
2284483,0.05160233,2017-12-02 15:24:52,37788.99,buy
2284484,0.000327,2017-12-02 15:26:05,37788.99,buy
2284485,0.00353701,2017-12-02 15:26:17,37788.99,buy
2284486,2.9999999999999997e-05,2017-12-02 15:26:22,37726.0,sell
2284487,0.01217621,2017-12-02 15:26:26,37717.31,sell
2284488,0.00068251,2017-12-02 15:26:26,37726.0,sell
2284489,0.02231566,2017-12-02 15:26:26,37717.13,sell
2284490,0.05454745,2017-12-02 15:26:29,37717.13,sell
2284491,0.08540133,2017-12-02 15:26:42,37713.0,sell
2284492,0.01956106,2017-12-02 15:26:59,37708.14,sell
2284493,0.02660425,2017-12-02 15:26:59,37712.94,sell
2284494,0.0168373,2017-12-02 15:27:20,37703.79,sell
2284495,0.034403199999999995,2017-12-02 15:27:20,37708.11,sell
2284496,0.06588594,2017-12-02 15:27:25,37698.82,sell
2284497,0.06566808,2017-12-02 15:27:25,37703.58,sell
2284498,0.0417582,2017-12-02 15:27:25,37698.94,sell
2284499,0.01351965,2017-12-02 15:27:37,37694.66,sell
2284500,0.00044501,2017-12-02 15:27:50,37788.97,buy
2284501,0.02838919,2017-12-02 15:27:55,37694.66,sell
2284502,0.05488049,2017-12-02 15:27:55,37694.57,sell
2287590,0.08413044,2017-12-03 08:34:49,37817.94,sell
2287591,0.01318933,2017-12-03 08:34:49,37848.95,sell
2287592,0.0066194999999999995,2017-12-03 08:34:49,37767.19,sell
2287593,0.06753602,2017-12-03 08:34:49,37811.08,sell
2287594,0.0524875,2017-12-03 08:34:49,37787.23,sell
2287595,0.08980641,2017-12-03 08:34:49,37874.25,sell
2287596,0.22391534,2017-12-03 08:34:49,37800.0,sell
2287597,0.03872154,2017-12-03 08:34:49,37760.08,sell
2287598,0.00203798,2017-12-03 08:34:49,37866.01,sell
2287599,0.06026914,2017-12-03 08:34:49,37773.42,sell
2287600,0.01522999,2017-12-03 08:34:49,37855.6,sell
2287601,0.08477702,2017-12-03 08:34:49,37831.94,sell
2287602,0.02399598,2017-12-03 08:34:49,37767.18,sell
2287603,0.03908707,2017-12-03 08:34:49,37797.92,sell
2287604,0.05517557,2017-12-03 08:34:49,37807.58,sell
2287605,0.06608122,2017-12-03 08:34:49,37804.43,sell
2287606,0.08072693,2017-12-03 08:34:49,37835.05,sell
2287607,0.00132045,2017-12-03 08:34:49,37866.01,sell
2287608,0.03827413,2017-12-03 08:34:49,37858.78,sell
2287609,0.03333129,2017-12-03 08:34:49,37825.07,sell
2287610,0.06715966,2017-12-03 08:34:49,37884.65,sell
2287611,0.06743537,2017-12-03 08:34:49,37784.2,sell
2287612,0.00132045,2017-12-03 08:34:49,37866.01,sell
2287613,0.05438412,2017-12-03 08:34:49,37801.26,sell
2287614,0.0260257,2017-12-03 08:34:49,37776.89,sell
2287615,0.08983957,2017-12-03 08:34:49,37877.89,sell
2287616,0.0192785,2017-12-03 08:34:49,37866.01,sell
2287617,0.02673777,2017-12-03 08:34:49,37838.69,sell
2287618,0.04195212,2017-12-03 08:34:49,37790.24,sell
2287619,0.05280242,2017-12-03 08:34:49,37870.67,sell
2287620,0.0192785,2017-12-03 08:34:49,37866.01,sell
2287621,0.0230805,2017-12-03 08:34:49,37888.17,sell
2287622,0.00132031,2017-12-03 08:34:49,37869.8,sell
2287623,0.04736265,2017-12-03 08:34:49,37845.73,sell
2287624,0.05776567,2017-12-03 08:34:49,37814.52,sell
2287625,0.03153499,2017-12-03 08:34:49,37794.09,sell
2287626,0.0721843,2017-12-03 08:34:49,37780.47,sell
2287627,0.08702622,2017-12-03 08:34:49,37842.62,sell
2287628,0.0765507,2017-12-03 08:34:49,37735.41,sell
2287629,0.07032401,2017-12-03 08:34:49,37717.6,sell
2287630,0.01199825,2017-12-03 08:34:49,37702.22,sell
2287631,0.02052451,2017-12-03 08:34:49,37745.81,sell
2287632,0.02899278,2017-12-03 08:34:49,37728.33,sell
2287633,0.02307692,2017-12-03 08:34:49,37742.68,sell
2287634,0.02157834,2017-12-03 08:34:49,37756.37,sell
2287635,0.01487998,2017-12-03 08:34:49,37738.7,sell
2287636,0.01051869,2017-12-03 08:34:49,37724.56,sell
2287637,0.0165304,2017-12-03 08:34:49,37709.74,sell
2287638,0.08475379,2017-12-03 08:34:49,37713.61,sell
2287639,0.03676361,2017-12-03 08:34:49,37706.19,sell
2287640,0.01144762,2017-12-03 08:34:49,37700.0,sell
2287641,0.0657486,2017-12-03 08:34:49,37749.59,sell
2287642,0.07417366,2017-12-03 08:34:49,37752.61,sell
2287643,0.03240775,2017-12-03 08:34:49,37721.16,sell
2287644,0.02822388,2017-12-03 08:34:49,37731.54,sell
2287645,0.002357,2017-12-03 08:35:45,37888.18,sell
2287646,0.02403698,2017-12-03 08:35:49,37888.18,sell
2287647,0.00081318,2017-12-03 08:37:31,37888.18,buy
2287648,0.00040169,2017-12-03 08:37:45,37888.18,buy
2287649,0.00548588,2017-12-03 08:38:36,37888.18,buy
2287650,0.00570061,2017-12-03 08:39:26,37888.18,buy
2287651,0.00547009,2017-12-03 08:39:26,37885.0,buy
2287652,0.05,2017-12-03 08:40:07,37701.0,sell
2287653,0.06594636,2017-12-03 08:40:07,37648.05,sell
2287654,0.02627908,2017-12-03 08:40:07,37640.64,sell
2287655,0.04636213,2017-12-03 08:40:07,37630.04,sell
2287656,0.04799549,2017-12-03 08:40:07,37655.04,sell
2287657,0.08971085,2017-12-03 08:40:07,37732.98,sell
2287658,0.02684009,2017-12-03 08:40:07,37684.35,sell
2287659,0.01395833,2017-12-03 08:40:07,37770.56,sell
2287660,0.06604709,2017-12-03 08:40:07,37637.15,sell
2287661,0.07398111,2017-12-03 08:40:07,37788.27,sell
2287662,0.04985615,2017-12-03 08:40:07,37690.74,sell
2287663,0.08673942,2017-12-03 08:40:07,37726.07,sell
2287664,0.06269309,2017-12-03 08:40:07,37778.0,sell
2287665,0.03872113,2017-12-03 08:40:07,37644.09,sell
2287666,0.04710549,2017-12-03 08:40:07,37752.8,sell
2287667,0.02410419,2017-12-03 08:40:07,37743.14,sell
2287668,0.0172883,2017-12-03 08:40:07,37739.71,sell
2287669,0.0289101,2017-12-03 08:40:07,37712.19,sell
2287670,0.08705256,2017-12-03 08:40:07,37781.87,sell
2287671,0.04652314,2017-12-03 08:40:07,37774.09,sell
2287672,0.07588494,2017-12-03 08:40:07,37698.23,sell
2287673,0.056132900000000006,2017-12-03 08:40:07,37705.39,sell
2287674,0.07122363,2017-12-03 08:40:07,37702.22,sell
2287675,0.0776203,2017-12-03 08:40:07,37633.16,sell
2287676,0.01552271,2017-12-03 08:40:07,37651.22,sell
2287677,0.03324291,2017-12-03 08:40:07,37749.76,sell
2287678,0.07200286,2017-12-03 08:40:07,37719.56,sell
2287679,0.00793986,2017-12-03 08:40:07,37784.02,sell
2287680,0.07869842,2017-12-03 08:40:07,37799.19,sell
2287681,0.05311373,2017-12-03 08:40:07,37760.19,sell
2287682,0.08459446,2017-12-03 08:40:07,37722.62,sell
2287683,0.06568435,2017-12-03 08:40:07,37784.98,sell
2287684,0.08814875,2017-12-03 08:40:07,37795.26,sell
2287685,0.73413991,2017-12-03 08:40:07,37700.0,sell
2287686,0.07911874,2017-12-03 08:40:07,37791.53,sell
2287687,0.0244014,2017-12-03 08:40:07,37687.43,sell
2287688,0.07075583,2017-12-03 08:40:07,37746.26,sell
2287689,0.04717667,2017-12-03 08:40:07,37673.4,sell
2290777,0.0023572,2017-12-03 14:05:02,38899.99,buy
2290778,0.18657938,2017-12-03 14:05:02,38910.83,buy
2290779,0.70904123,2017-12-03 14:05:02,38898.93,buy
2290780,0.88072828,2017-12-03 14:05:02,38903.88,buy
2290781,0.57519916,2017-12-03 14:05:02,38907.61,buy
2290782,0.6420621,2017-12-03 14:05:02,38900.15,buy
2290783,0.00640052,2017-12-03 14:05:07,38880.0,sell
2290784,0.0004397,2017-12-03 14:05:10,38891.0,buy
2290785,0.02842322,2017-12-03 14:05:10,38910.83,buy
2290786,0.41119657,2017-12-03 14:05:43,38910.83,buy
2290787,0.65127027,2017-12-03 14:05:52,38917.7,buy
2290788,0.21392053,2017-12-03 14:05:52,38910.83,buy
2290789,0.7948092,2017-12-03 14:05:52,38914.47,buy
2290790,0.02674536,2017-12-03 14:06:19,38909.93,buy
2290791,0.00515,2017-12-03 14:06:50,38909.93,buy
2290792,0.00853356,2017-12-03 14:06:55,38909.93,buy
2290793,0.25857108,2017-12-03 14:07:26,38909.93,buy
2290794,0.015705700000000003,2017-12-03 14:07:39,38900.77,sell
2290795,0.01285314,2017-12-03 14:07:39,38901.0,sell
2290796,0.01353394,2017-12-03 14:07:42,38917.7,buy
2290797,0.018000000000000002,2017-12-03 14:07:50,38900.77,sell
2290798,0.10996584,2017-12-03 14:07:58,38917.7,buy
2290799,0.39189104,2017-12-03 14:07:58,38920.77,buy
2290800,0.07333949,2017-12-03 14:08:06,38860.0,sell
2290801,0.11955605,2017-12-03 14:08:06,38900.77,sell
2290802,0.21673464,2017-12-03 14:08:06,38890.0,sell
2290803,0.00668077,2017-12-03 14:08:11,38917.69,buy
2290804,0.01078558,2017-12-03 14:08:23,38917.69,buy
2290805,0.01461244,2017-12-03 14:08:25,38877.29,sell
2290806,0.03746684,2017-12-03 14:08:25,38873.45,sell
2290807,0.08634145,2017-12-03 14:09:02,38887.91,sell
2290808,0.02884208,2017-12-03 14:09:05,38884.03,sell
2290809,0.05394174,2017-12-03 14:09:08,38880.9,sell
2290810,0.01131512,2017-12-03 14:09:14,38873.45,sell
2290811,0.04859455,2017-12-03 14:09:18,38870.37,sell
2290812,0.02798217,2017-12-03 14:09:22,38866.78,sell
2290813,0.00955503,2017-12-03 14:09:32,38863.58,sell
2290814,0.01240684,2017-12-03 14:09:33,38863.58,sell
2290815,0.00253365,2017-12-03 14:09:49,38860.15,sell
2290816,0.05436722,2017-12-03 14:09:56,38860.0,sell
2290817,0.26852298,2017-12-03 14:09:56,38850.0,sell
2290818,0.08793586,2017-12-03 14:09:56,38860.0,sell
2290819,0.05576528,2017-12-03 14:09:56,38860.15,sell
2290820,0.00514775,2017-12-03 14:09:56,38851.92,sell
2290821,0.020590999999999998,2017-12-03 14:09:56,38851.92,sell
2290822,0.0036506,2017-12-03 14:10:10,38850.0,sell
2290823,0.05286675,2017-12-03 14:10:38,38850.0,sell
2290824,0.01613325,2017-12-03 14:10:38,38850.0,sell
2290825,0.02561915,2017-12-03 14:10:47,38850.0,sell
2290826,0.009000000000000001,2017-12-03 14:11:04,38850.0,sell
2290827,0.02577047,2017-12-03 14:11:08,38850.0,sell
2290828,0.01287001,2017-12-03 14:11:08,38850.0,sell
2290829,0.00214286,2017-12-03 14:11:08,38850.0,sell
2290830,0.00566083,2017-12-03 14:11:40,38863.58,buy
2290831,0.03460363,2017-12-03 14:12:04,38863.58,buy
2290832,0.00103844,2017-12-03 14:12:17,38914.48,buy
2290833,0.00660427,2017-12-03 14:12:19,38914.48,buy
2290834,0.00197505,2017-12-03 14:12:19,38914.48,buy
2290835,0.00142377,2017-12-03 14:12:19,38914.48,buy
2290836,0.00263572,2017-12-03 14:12:19,38914.48,buy
2290837,0.00263217,2017-12-03 14:12:19,38914.48,buy
2290838,0.00106677,2017-12-03 14:12:19,38914.48,buy
2290839,0.00081307,2017-12-03 14:12:19,38914.48,buy
2290840,0.02099448,2017-12-03 14:12:23,38915.0,buy
2290841,0.01130001,2017-12-03 14:12:40,38915.0,buy
2290842,0.00041886,2017-12-03 14:12:44,38915.0,buy
2290843,0.02378546,2017-12-03 14:13:15,38920.0,buy
2290844,0.06077408,2017-12-03 14:13:21,38920.0,buy
2290845,0.30054483,2017-12-03 14:13:31,38920.77,buy
2290846,0.19945517,2017-12-03 14:13:31,38924.09,buy
2290847,0.03196227,2017-12-03 14:13:33,38920.0,sell
2290848,0.11983889999999996,2017-12-03 14:13:41,38924.09,buy
2290849,6.476e-05,2017-12-03 14:14:34,38914.48,sell
2290850,0.00168827,2017-12-03 14:15:06,38914.47,sell
2290851,0.00097368,2017-12-03 14:15:06,38914.48,sell
2290852,5.9999999999999995e-05,2017-12-03 14:15:24,38914.99,buy
2290853,0.0019273,2017-12-03 14:15:43,38914.47,sell
2290854,0.00088147,2017-12-03 14:15:43,38914.47,sell
2290855,0.01544316,2017-12-03 14:15:43,38901.17,sell
2290856,0.01285347,2017-12-03 14:15:43,38900.01,sell
2290857,0.10398375,2017-12-03 14:15:43,38850.0,sell
2290858,0.02595758,2017-12-03 14:15:43,38900.0,sell
2290859,0.09219791,2017-12-03 14:15:43,38850.99,sell
2290860,0.13863542,2017-12-03 14:15:43,38901.17,sell
2290861,0.00031471,2017-12-03 14:16:09,38919.0,buy
2290862,0.00048469999999999996,2017-12-03 14:16:09,38914.99,buy
2290863,0.00643501,2017-12-03 14:16:10,38849.99,sell
2290864,0.002574,2017-12-03 14:16:10,38849.99,sell
2290865,0.0030888,2017-12-03 14:16:10,38849.99,sell
2290866,0.002574,2017-12-03 14:16:10,38849.99,sell
2290867,0.00361101,2017-12-03 14:16:10,38834.27,sell
2290868,0.00267326,2017-12-03 14:16:32,38888.0,buy
2290869,0.00644826,2017-12-03 14:16:51,38888.0,buy
2290870,0.00249207,2017-12-03 14:16:53,38835.0,buy
2290871,0.00087848,2017-12-03 14:16:53,38888.0,buy
2290872,0.01228942,2017-12-03 14:16:53,38900.0,buy
2290873,0.3331656,2017-12-03 14:16:58,38900.0,buy
2290874,0.16044695,2017-12-03 14:17:01,38900.0,sell
2290875,0.001,2017-12-03 14:17:03,38900.0,sell
2290876,0.04560463,2017-12-03 14:17:23,38900.0,sell
2293964,0.02465252,2017-12-03 19:25:00,39550.97,sell
2293965,0.0406486,2017-12-03 19:25:00,39555.05,sell
2293966,0.0584752,2017-12-03 19:25:00,39577.44,sell
2293967,0.02996272,2017-12-03 19:25:00,39563.98,sell
2293968,0.07486207,2017-12-03 19:25:00,39582.24,sell
2293969,0.00046234,2017-12-03 19:25:00,39560.0,sell
2293970,0.06763103,2017-12-03 19:25:00,39572.54,sell
2293971,0.00512203,2017-12-03 19:25:08,39590.0,buy
2293972,0.00425879,2017-12-03 19:25:36,39518.29,sell
2293973,0.00715358,2017-12-03 19:25:38,39590.0,buy
2293974,0.00848422,2017-12-03 19:25:52,39590.0,buy
2293975,0.00334829,2017-12-03 19:26:09,39549.51,sell
2293976,0.00608025,2017-12-03 19:26:11,39549.51,sell
2293977,0.00703023,2017-12-03 19:26:12,39590.0,buy
2293978,0.00075777,2017-12-03 19:26:15,39590.0,buy
2293979,0.00075777,2017-12-03 19:26:15,39590.0,buy
2293980,0.02426838,2017-12-03 19:26:23,39590.0,buy
2293981,0.01011998,2017-12-03 19:26:54,39590.0,buy
2293982,0.00060792,2017-12-03 19:27:00,39549.51,sell
2293983,0.00075802,2017-12-03 19:27:38,39590.0,buy
2293984,0.00075778,2017-12-03 19:27:48,39589.07,sell
2293985,0.00606828,2017-12-03 19:27:48,39550.0,sell
2293986,0.00075778,2017-12-03 19:27:48,39589.07,sell
2293987,0.00077208,2017-12-03 19:27:53,39550.0,sell
2293988,0.12769159,2017-12-03 19:27:54,39590.0,buy
2293989,0.00367417,2017-12-03 19:28:27,39550.0,sell
2293990,0.90051402,2017-12-03 19:29:43,39590.0,buy
2293991,0.02699462,2017-12-03 19:30:23,39589.0,sell
2293992,0.08397419,2017-12-03 19:30:23,39550.0,sell
2293993,1.98896666,2017-12-03 19:30:27,39590.0,buy
2293994,0.00568873,2017-12-03 19:30:35,39590.0,buy
2293995,0.00604927,2017-12-03 19:31:18,39580.01,buy
2293996,0.00317772,2017-12-03 19:31:38,39550.0,sell
2293997,0.23421427,2017-12-03 19:31:41,39550.0,sell
2293998,0.01199956,2017-12-03 19:31:41,39550.0,sell
2293999,0.00507889,2017-12-03 19:32:05,39550.0,sell
2294000,0.37899571,2017-12-03 19:32:18,39560.0,buy
2294001,1.81441607,2017-12-03 19:32:46,39550.0,sell
2294002,0.00516001,2017-12-03 19:33:28,39549.51,sell
2294003,0.00067988,2017-12-03 19:33:28,39536.32,sell
2294004,0.00854157,2017-12-03 19:34:07,39531.97,sell
2294005,0.08016910000000001,2017-12-03 19:34:07,39536.32,sell
2294006,0.021959599999999996,2017-12-03 19:34:08,39531.97,sell
2294007,0.01529877,2017-12-03 19:34:08,39527.02,sell
2294008,0.02897373,2017-12-03 19:34:09,39522.84,sell
2294009,0.0078796,2017-12-03 19:34:09,39518.29,sell
2294010,0.00023104,2017-12-03 19:34:22,39560.0,buy
2294011,0.00123434,2017-12-03 19:34:45,39560.0,buy
2294012,0.25602563,2017-12-03 19:34:50,39560.0,buy
2294013,8.25684275,2017-12-03 19:35:06,39552.0,buy
2294014,0.02048631,2017-12-03 19:35:16,39590.0,buy
2294015,0.06885266,2017-12-03 19:35:16,39560.0,buy
2294016,0.06783154,2017-12-03 19:35:26,39558.0,buy
2294017,0.0632,2017-12-03 19:35:34,39558.0,buy
2294018,0.00120456,2017-12-03 19:35:45,39558.0,buy
2294019,0.00318584,2017-12-03 19:35:51,39549.99,sell
2294020,0.00123063,2017-12-03 19:36:09,39555.0,buy
2294021,0.00123063,2017-12-03 19:36:12,39558.0,buy
2294022,0.00827519,2017-12-03 19:36:14,39552.1,buy
2294023,0.55365109,2017-12-03 19:36:16,39552.1,buy
2294024,7.67291189,2017-12-03 19:36:18,39552.1,buy
2294025,0.55365109,2017-12-03 19:36:22,39552.1,sell
2294026,0.06034181,2017-12-03 19:36:26,39518.29,sell
2294027,0.00047376,2017-12-03 19:36:32,39514.0,sell
2294028,0.05060948,2017-12-03 19:36:32,39518.29,buy
2294029,0.07631763,2017-12-03 19:36:35,39513.49,sell
2294030,0.06642446,2017-12-03 19:36:38,39509.22,sell
2294031,0.06022474,2017-12-03 19:36:40,39504.5,sell
2294032,0.02738053,2017-12-03 19:36:43,39500.54,sell
2294033,0.03997777,2017-12-03 19:36:45,39500.01,sell
2294034,0.06749851,2017-12-03 19:36:45,39500.01,sell
2294035,8.15681475,2017-12-03 19:36:47,39517.0,buy
2294036,0.00095078,2017-12-03 19:37:05,39518.29,buy
2294037,0.00878155,2017-12-03 19:37:12,39500.02,sell
2294038,0.00654267,2017-12-03 19:37:49,39550.0,buy
2294039,0.00450224,2017-12-03 19:37:53,39500.02,sell
2294040,0.016424900000000003,2017-12-03 19:38:24,39500.02,sell
2294041,0.00103186,2017-12-03 19:38:38,39549.99,buy
2294042,0.00206423,2017-12-03 19:38:53,39549.99,buy
2294043,0.00061018,2017-12-03 19:38:54,39549.99,buy
2294044,0.05822895,2017-12-03 19:38:54,39550.0,buy
2294045,0.00206423,2017-12-03 19:39:00,39550.0,sell
2294046,0.08002577,2017-12-03 19:39:00,39510.0,sell
2294047,0.0006318,2017-12-03 19:39:01,39557.99,buy
2294048,0.00039859,2017-12-03 19:39:01,39558.0,buy
2294049,0.00103191,2017-12-03 19:39:27,39558.0,buy
2294050,0.00103191,2017-12-03 19:39:40,39558.0,buy
2294051,0.04017275,2017-12-03 19:39:49,39558.0,buy
2294052,0.025,2017-12-03 19:39:58,39558.0,buy
2294053,0.00206305,2017-12-03 19:40:01,39558.0,buy
2294054,0.00128925,2017-12-03 19:40:06,39558.0,buy
2294055,0.1203299,2017-12-03 19:40:19,39558.0,buy
2294056,7.129e-05,2017-12-03 19:40:25,39558.0,buy
2294057,0.07406391,2017-12-03 19:40:29,39558.0,buy
2294058,0.00102913,2017-12-03 19:40:36,39558.0,buy
2294059,0.00205749,2017-12-03 19:40:45,39558.0,buy
2294060,0.00102862,2017-12-03 19:40:53,39558.0,buy
2294061,0.00102913,2017-12-03 19:41:01,39558.0,buy
2294062,0.00309192,2017-12-03 19:41:23,39558.0,buy
2294063,0.00120456,2017-12-03 19:41:30,39558.0,buy
2297151,0.10799721,2017-12-03 22:51:44,37899.0,buy
2297152,0.0039556,2017-12-03 22:51:47,37899.0,buy
2297153,0.4129642,2017-12-03 22:51:51,37899.0,buy
2297154,0.00437018,2017-12-03 22:51:52,37600.0,sell
2297155,0.40662799,2017-12-03 22:51:53,37899.0,buy
2297156,0.00799208,2017-12-03 22:51:53,37899.0,buy
2297157,0.00211071,2017-12-03 22:51:58,37899.0,buy
2297158,0.00597004,2017-12-03 22:52:01,37600.0,sell
2297159,0.00399229,2017-12-03 22:52:04,37603.0,sell
2297160,0.00394182,2017-12-03 22:52:06,37899.0,buy
2297161,0.00131442,2017-12-03 22:52:06,37899.0,buy
2297162,0.10799721,2017-12-03 22:52:07,37900.0,buy
2297163,0.02868558,2017-12-03 22:52:07,37899.0,buy
2297164,0.5,2017-12-03 22:52:07,37900.0,buy
2297165,0.02517364,2017-12-03 22:52:07,37900.0,buy
2297166,0.00263575,2017-12-03 22:52:07,37900.0,buy
2297167,1.05639735,2017-12-03 22:52:13,37901.99,buy
2297168,0.0426692,2017-12-03 22:52:13,37900.0,buy
2297169,0.00237454,2017-12-03 22:52:22,37901.99,buy
2297170,0.00593328,2017-12-03 22:52:29,37750.0,sell
2297171,0.91562496,2017-12-03 22:52:30,37901.99,buy
2297172,0.00237454,2017-12-03 22:52:31,37901.99,sell
2297173,0.0037545,2017-12-03 22:52:31,37750.0,sell
2297174,0.00540776,2017-12-03 22:52:38,37750.0,sell
2297175,0.00052768,2017-12-03 22:52:38,37902.01,sell
2297176,0.00614417,2017-12-03 22:52:41,37750.0,sell
2297177,0.00049426,2017-12-03 22:52:41,37750.0,sell
2297178,0.00292125,2017-12-03 22:52:42,37750.0,sell
2297179,0.00242587,2017-12-03 22:52:44,37939.91,sell
2297180,0.00237454,2017-12-03 22:52:47,37902.01,sell
2297181,0.0041635,2017-12-03 22:52:47,37939.91,sell
2297182,0.00052768,2017-12-03 22:52:48,37900.0,buy
2297183,0.00527705,2017-12-03 22:52:50,37900.0,buy
2297184,0.00237454,2017-12-03 22:52:52,37900.0,buy
2297185,0.34639709999999996,2017-12-03 22:52:52,37900.0,buy
2297186,0.00659631,2017-12-03 22:52:53,37900.0,buy
2297187,0.02560549,2017-12-03 22:52:59,37900.0,buy
2297188,0.37418417,2017-12-03 22:52:59,37900.0,buy
2297189,0.00248616,2017-12-03 22:53:00,37900.0,buy
2297190,0.00237454,2017-12-03 22:53:00,37900.0,buy
2297191,0.00593328,2017-12-03 22:53:01,37700.0,sell
2297192,0.00079151,2017-12-03 22:53:05,37900.0,buy
2297193,0.22684741,2017-12-03 22:53:06,37900.0,buy
2297194,0.00213627,2017-12-03 22:53:11,37700.0,sell
2297195,0.00237454,2017-12-03 22:53:11,37902.01,sell
2297196,0.00079151,2017-12-03 22:53:11,37900.0,sell
2297197,0.00409302,2017-12-03 22:53:13,38000.0,buy
2297198,0.00917923,2017-12-03 22:53:13,37999.0,buy
2297199,0.01041695,2017-12-03 22:53:13,38000.0,buy
2297200,0.12367294,2017-12-03 22:53:13,38000.0,buy
2297201,0.09979023,2017-12-03 22:53:13,38000.0,buy
2297202,0.00173358,2017-12-03 22:53:19,37700.0,sell
2297203,0.00079151,2017-12-03 22:53:19,37902.01,sell
2297204,0.00047491,2017-12-03 22:53:19,37902.01,sell
2297205,1.07131519,2017-12-03 22:53:29,37700.0,sell
2297206,0.00593327,2017-12-03 22:53:29,37700.0,sell
2297207,0.0596374,2017-12-03 22:53:29,38000.0,buy
2297208,0.03979475,2017-12-03 22:53:29,38300.0,buy
2297209,0.00121682,2017-12-03 22:53:29,37902.01,buy
2297210,0.008094,2017-12-03 22:53:52,38300.0,buy
2297211,0.22557759,2017-12-03 22:53:53,37710.0,sell
2297212,0.00042214,2017-12-03 22:53:53,37902.01,sell
2297213,0.07400027,2017-12-03 22:53:53,37800.13,sell
2297214,0.00053468,2017-12-03 22:54:07,37720.0,sell
2297215,0.00130367,2017-12-03 22:54:15,38200.0,buy
2297216,0.00073175,2017-12-03 22:54:23,37900.0,sell
2297217,0.00034481,2017-12-03 22:54:23,38200.0,buy
2297218,0.00374224,2017-12-03 22:54:42,38199.0,buy
2297219,0.00025772,2017-12-03 22:54:47,37900.0,sell
2297220,0.00164905,2017-12-03 22:55:04,37900.0,sell
2297221,0.00042214,2017-12-03 22:55:04,37902.0,sell
2297222,0.00920134,2017-12-03 22:55:04,37801.0,sell
2297223,0.00263838,2017-12-03 22:55:04,37902.0,sell
2297224,0.02293832,2017-12-03 22:55:04,37740.0,sell
2297225,0.00530016,2017-12-03 22:55:04,37780.0,sell
2297226,0.004901,2017-12-03 22:55:04,37780.01,sell
2297227,0.00025772,2017-12-03 22:55:06,37900.0,buy
2297228,0.00238066,2017-12-03 22:55:09,37902.0,sell
2297229,0.00025765,2017-12-03 22:55:21,37900.0,buy
2297230,0.00052973,2017-12-03 22:55:21,38199.0,buy
2297231,0.01294851,2017-12-03 22:55:31,38199.0,buy
2297232,0.00025765,2017-12-03 22:55:39,37902.0,sell
2297233,0.00310036,2017-12-03 22:55:42,37902.0,sell
2297234,0.0655918,2017-12-03 22:55:49,37903.0,sell
2297235,0.05965264,2017-12-03 22:55:50,38199.0,buy
2297236,0.20633369,2017-12-03 22:55:50,38197.0,buy
2297237,0.01841479,2017-12-03 22:55:50,38100.0,buy
2297238,0.10861936,2017-12-03 22:55:50,38100.0,buy
2297239,0.00310036,2017-12-03 22:55:51,37903.0,sell
2297240,0.00299514,2017-12-03 22:55:51,37903.0,sell
2297241,0.00294166,2017-12-03 22:55:52,37902.0,sell
2297242,0.01010042,2017-12-03 22:55:52,37903.0,sell
2297243,0.00301115,2017-12-03 22:55:55,37902.0,buy
2297244,1.5885307,2017-12-03 22:56:01,38250.0,buy
2297245,0.00025765,2017-12-03 22:56:01,37900.0,buy
2297246,0.09638574,2017-12-03 22:56:01,38199.0,buy
2297247,0.02110365,2017-12-03 22:56:01,38200.0,buy
2297248,0.07380046,2017-12-03 22:56:01,38200.0,buy
2297249,0.22352307,2017-12-03 22:56:01,38200.0,buy
2297250,0.00261801,2017-12-03 22:56:01,38196.99,buy
2300338,0.00504654,2017-12-04 08:46:49,39661.0,sell
2300339,0.21139389,2017-12-04 08:47:01,39671.94,buy
2300340,0.01004611,2017-12-04 08:47:01,39665.0,buy
2300341,0.24254323,2017-12-04 08:47:01,39668.11,buy
2300342,0.04601677,2017-12-04 08:47:01,39664.17,buy
2300343,0.012,2017-12-04 08:47:37,39671.94,buy
2300344,0.01466402,2017-12-04 08:47:40,39671.94,buy
2300345,0.01997306,2017-12-04 08:47:45,39671.94,buy
2300346,0.00990423,2017-12-04 08:47:47,39671.94,buy
2300347,0.30841654,2017-12-04 08:47:57,39675.37,buy
2300348,0.06817462,2017-12-04 08:48:12,39675.37,buy
2300349,0.18203452,2017-12-04 08:48:15,39679.22,buy
2300350,0.01318052,2017-12-04 08:48:15,39682.23,buy
2300351,0.00039828,2017-12-04 08:48:24,39675.37,sell
2300352,0.0555687,2017-12-04 08:48:26,39682.23,buy
2300353,0.00478708,2017-12-04 08:48:31,39675.37,sell
2300354,0.13201905,2017-12-04 08:48:34,39682.23,buy
2300355,0.01207454,2017-12-04 08:48:34,39685.96,buy
2300356,0.09009811,2017-12-04 08:48:53,39685.96,buy
2300357,0.17479343,2017-12-04 08:49:19,39689.19,buy
2300358,0.00157715,2017-12-04 08:49:19,39685.96,buy
2300359,0.00015319999999999998,2017-12-04 08:49:20,39664.17,sell
2300360,0.06413204,2017-12-04 08:49:40,39689.19,buy
2300361,0.23515545,2017-12-04 08:50:56,39665.0,sell
2300362,0.01,2017-12-04 08:51:14,39690.0,buy
2300363,0.00136995,2017-12-04 08:51:22,39665.0,sell
2300364,0.24006189,2017-12-04 08:51:30,39690.0,buy
2300365,0.18220999999999998,2017-12-04 08:52:07,39667.94,buy
2300366,0.09039544,2017-12-04 08:52:13,39671.57,buy
2300367,0.05080456,2017-12-04 08:52:13,39667.94,buy
2300368,0.09830718,2017-12-04 08:52:18,39671.57,buy
2300369,0.02268628,2017-12-04 08:52:22,39671.57,buy
2300370,0.00122531,2017-12-04 08:52:30,39671.57,buy
2300371,0.02454982,2017-12-04 08:53:11,39671.57,buy
