tid,amount,date,price,type
1,0.01,2014-03-01 17:19:35,1690.0,ask
2,0.01,2014-03-01 17:19:54,1690.0,ask
3,0.01,2014-03-01 17:27:32,1690.0,ask
4,0.1,2014-03-02 13:14:50,1700.0,bid
5,0.11234435,2014-03-02 13:18:45,1700.0,bid
6,0.95463728,2014-03-02 14:28:18,1717.0,bid
7,0.83,2014-03-02 14:41:50,1718.0,bid
8,0.24,2014-03-02 14:44:36,1717.0,bid
9,0.5,2014-03-02 17:10:33,1704.0,ask
10,0.4,2014-03-02 17:10:44,1704.0,ask
11,0.89319399,2014-03-02 17:10:58,1716.99,bid
12,0.01680601,2014-03-02 17:12:14,1716.99,bid
13,0.89318,2014-03-02 17:14:08,1717.0,bid
14,0.893,2014-03-02 17:15:41,1717.0,bid
15,0.51703,2014-03-02 17:19:26,1717.0,bid
16,0.01,2014-03-02 17:19:26,1717.0,bid
17,0.36607,2014-03-02 19:02:39,1717.0,ask
18,0.63393,2014-03-02 19:02:39,1704.0,ask
19,0.37637,2014-03-02 19:03:19,1704.0,ask
20,0.06457,2014-03-02 19:03:19,1703.5,ask
21,0.55906,2014-03-02 19:03:19,1703.0,ask
22,0.54094,2014-03-02 19:04:42,1703.0,ask
23,0.15905999999999998,2014-03-02 19:04:42,1702.11,ask
24,0.25934,2014-03-02 19:05:26,1702.11,ask
25,0.24065999999999999,2014-03-02 19:05:26,1702.0,ask
26,0.7,2014-03-02 19:05:36,1702.0,ask
27,0.01,2014-03-02 19:05:54,1702.0,ask
28,0.01,2014-03-02 19:07:31,1702.0,ask
29,0.01,2014-03-02 19:07:40,1702.0,ask
30,0.01,2014-03-02 19:07:50,1702.0,ask
31,0.01,2014-03-02 19:08:17,1702.0,ask
32,0.01,2014-03-02 19:08:24,1702.0,ask
33,0.01,2014-03-02 19:08:27,1702.0,ask
34,0.23334000000000002,2014-03-02 19:08:41,1702.0,ask
35,0.76666,2014-03-02 19:08:41,1701.7,ask
36,0.01,2014-03-02 19:08:46,1701.7,ask
37,0.1,2014-03-02 19:08:58,1701.7,ask
38,0.47918,2014-03-02 19:09:07,1701.7,ask
39,0.52082,2014-03-02 19:09:07,1701.0,ask
40,0.53176437,2014-03-03 03:00:56,1702.0,bid
41,0.02238,2014-03-03 03:02:02,1701.0,ask
42,0.23399999999999999,2014-03-03 03:02:58,1700.2,ask
43,0.10474000000000001,2014-03-03 03:02:58,1700.15,ask
44,0.64,2014-03-03 03:02:58,1700.1,ask
45,0.02126,2014-03-03 03:02:58,1700.0,ask
46,0.97762,2014-03-03 03:03:27,1701.0,bid
47,0.97704561,2014-03-03 03:04:15,1702.0,bid
48,0.04424648,2014-03-03 03:05:05,1701.0,ask
49,1.0,2014-03-03 03:05:21,1700.0,ask
50,0.95575352,2014-03-03 03:05:33,1701.0,bid
51,0.95519197,2014-03-03 03:07:29,1702.0,bid
52,0.08790507,2014-03-03 03:07:44,1701.0,ask
53,0.22374000000000002,2014-03-03 03:07:44,1700.0,ask
54,0.31169678,2014-03-03 03:07:56,1700.0,bid
55,0.31169678,2014-03-03 03:08:02,1700.0,bid
56,0.06496137,2014-03-03 03:08:06,1700.0,bid
57,0.06488503,2014-03-03 03:08:09,1702.0,bid
58,0.24673541,2014-03-03 03:11:24,1700.0,ask
59,0.6021036,2014-03-03 03:11:24,1699.99,ask
60,0.15116099,2014-03-03 03:11:24,1699.9,ask
61,0.9988125,2014-03-03 03:11:48,1702.0,bid
62,0.14883901,2014-03-03 03:12:00,1699.9,ask
63,0.14883901,2014-03-03 03:12:14,1699.9,bid
64,0.135,2014-03-03 03:12:23,1699.84,ask
65,0.3,2014-03-03 03:12:23,1699.5,ask
66,0.0352335,2014-03-03 03:12:23,1699.5,ask
67,0.5297665,2014-03-03 03:12:23,1699.2,ask
68,0.70232198,2014-03-03 03:12:32,1699.9,bid
69,0.44621523,2014-03-03 10:30:03,1699.9,ask
70,0.55378477,2014-03-03 10:30:03,1699.2,ask
71,1.69999382,2014-03-03 10:30:15,1702.0,bid
72,0.09288073,2014-03-03 10:30:34,1699.2,ask
73,0.31358393,2014-03-03 10:30:34,1699.1,ask
74,0.40649405,2014-03-03 10:30:47,1699.0,bid
75,0.18704129,2014-03-03 10:30:54,1699.0,bid
76,0.1867116,2014-03-03 10:30:59,1702.0,bid
77,2.5855951,2014-03-03 11:04:37,1702.0,bid
78,0.05,2014-03-03 12:23:09,1700.0,ask
79,0.00838257,2014-03-03 13:06:50,1702.0,ask
80,0.04961743,2014-03-03 13:06:50,1701.0,ask
81,5.876,2014-03-03 13:46:59,1710.0,bid
82,0.9345,2014-03-03 13:46:59,1717.5,bid
83,1.2948575,2014-03-03 13:46:59,1718.0,bid
84,0.8477399999999999,2014-03-03 13:46:59,1718.5,bid
85,0.34676999999999997,2014-03-03 13:46:59,1719.0,bid
86,0.7001324999999999,2014-03-03 13:46:59,1719.99,bid
87,0.21945276,2014-03-03 13:48:34,1699.0,ask
88,0.1765432,2014-03-03 13:48:53,1698.7,ask
89,0.1245432,2014-03-03 13:49:11,1698.3,ask
90,0.18,2014-03-03 13:50:36,1698.0,ask
91,0.06,2014-03-03 13:50:50,1695.0,ask
92,1.0,2014-03-03 13:54:33,1750.0,ask
93,0.321,2014-03-03 14:37:21,1760.0,bid
94,0.302,2014-03-03 14:40:45,1760.0,bid
95,0.212,2014-03-03 14:43:38,1759.0,bid
96,0.08,2014-03-03 14:46:58,1759.0,bid
97,0.08375988,2014-03-03 14:46:58,1760.0,bid
98,0.10400000000000001,2014-03-03 14:47:12,1756.0,ask
99,0.09300000000000001,2014-03-03 14:48:10,1755.1,bid
100,0.09779293,2014-03-03 14:48:10,1760.0,bid
101,0.193,2014-03-03 14:53:33,1760.0,bid
102,0.00244719,2014-03-03 14:54:18,1760.0,bid
103,0.04455281,2014-03-03 14:54:18,1760.0,bid
104,0.07455649,2014-03-03 14:56:58,1760.0,bid
105,0.01044351,2014-03-03 14:56:58,1760.0,bid
106,0.04142578,2014-03-03 14:56:59,1760.0,bid
107,0.02451824,2014-03-03 14:57:00,1760.0,bid
108,0.08148176,2014-03-03 14:57:00,1760.0,bid
109,0.04243944,2014-03-03 14:57:00,1760.0,bid
110,0.02777497,2014-03-03 14:57:00,1760.1,bid
111,0.04422503,2014-03-03 14:57:01,1760.1,bid
112,0.08552741,2014-03-03 14:57:01,1761.1,bid
113,0.19399999999999998,2014-03-03 14:57:04,1760.1,bid
114,0.001,2014-03-03 14:57:04,1760.1,bid
115,0.01609296,2014-03-03 14:57:05,1761.1,bid
116,0.081,2014-03-03 14:57:05,1761.1,bid
117,0.05351243,2014-03-03 14:57:05,1761.1,bid
118,0.10423395,2014-03-03 14:57:06,1761.1,bid
119,0.01282129,2014-03-03 14:57:06,1761.1,bid
120,0.0097071,2014-03-03 14:57:07,1760.1,ask
121,0.136,2014-03-03 14:57:11,1761.0,bid
122,0.006999999999999999,2014-03-03 14:57:12,1761.0,bid
123,0.040999999999999995,2014-03-03 14:57:12,1761.1,bid
124,0.13,2014-03-03 14:57:14,1761.0,ask
125,0.019,2014-03-03 14:57:15,1761.0,ask
126,0.12733915,2014-03-03 14:57:15,1760.1,ask
127,0.03412336,2014-03-03 14:57:15,1760.1,ask
128,0.06287664,2014-03-03 14:57:15,1760.1,ask
129,0.01012336,2014-03-03 14:57:15,1760.1,ask
130,0.03351969,2014-03-03 14:57:16,1761.1,bid
131,0.10913065,2014-03-03 14:58:20,1761.1,bid
132,0.04686935,2014-03-03 14:58:20,1764.0,bid
133,0.06319332,2014-03-03 14:58:22,1764.0,bid
134,0.00039635,2014-03-03 14:58:28,1764.0,bid
135,0.09281639,2014-03-03 14:58:28,1765.0,bid
136,0.08888768,2014-03-03 14:58:47,1765.0,bid
137,0.10386797,2014-03-03 14:58:47,1765.0,bid
138,0.03,2014-03-03 14:59:19,1765.0,bid
139,0.106,2014-03-03 14:59:35,1764.0,ask
140,0.04013203,2014-03-03 14:59:43,1765.0,bid
141,0.10786797,2014-03-03 14:59:43,1768.99,bid
142,0.044000000000000004,2014-03-03 14:59:47,1768.99,bid
143,0.01230135,2014-03-03 15:00:01,1768.99,bid
144,0.15269865,2014-03-03 15:00:01,1769.0,bid
145,0.08,2014-03-03 15:00:46,1769.0,bid
146,0.011000000000000001,2014-03-03 15:01:48,1768.99,ask
147,0.06256198,2014-03-03 15:02:05,1768.99,ask
148,0.08043753,2014-03-03 15:02:09,1768.99,ask
149,0.04718105,2014-03-03 15:02:09,1768.85,ask
150,0.07930135,2014-03-03 15:02:55,1769.0,bid
151,0.07569865,2014-03-03 15:02:55,1769.0,bid
152,0.09381895,2014-03-03 15:02:58,1768.85,ask
153,0.01246829,2014-03-03 15:02:58,1768.0,ask
154,0.10653171,2014-03-03 15:03:03,1768.0,ask
155,0.03646829,2014-03-03 15:03:03,1768.0,ask
156,0.02359033,2014-03-03 15:03:11,1768.0,ask
157,0.03780397,2014-03-03 15:03:11,1767.0,ask
158,0.05,2014-03-03 15:03:39,1767.0,ask
159,0.005,2014-03-03 15:04:14,1767.0,ask
160,0.05,2014-03-03 15:04:33,1768.0,ask
161,0.03806419,2014-03-03 15:04:37,1767.0,ask
162,0.10198419,2014-03-03 15:04:37,1767.0,ask
163,0.06063350000000001,2014-03-03 15:05:12,1767.0,ask
164,0.0473665,2014-03-03 15:05:12,1765.0,ask
165,0.04312778,2014-03-03 15:05:36,1765.0,ask
166,0.04326734,2014-03-03 15:06:03,1765.0,ask
167,0.05073266,2014-03-03 15:06:03,1765.0,ask
168,0.003,2014-03-03 15:06:18,1765.0,ask
169,0.03118517,2014-03-03 15:06:59,1765.0,ask
170,0.09175627,2014-03-03 15:06:59,1765.0,ask
171,0.07405856,2014-03-03 15:06:59,1765.0,ask
172,0.04286723,2014-03-03 15:07:06,1765.0,ask
173,0.081,2014-03-03 15:07:06,1765.0,ask
174,0.002529,2014-03-03 15:07:06,1765.0,ask
175,0.045,2014-03-03 15:07:06,1765.0,ask
176,0.01360377,2014-03-03 15:07:06,1765.0,ask
177,0.06839623,2014-03-03 15:07:12,1765.0,ask
178,0.052403399999999996,2014-03-03 15:07:12,1765.0,ask
179,0.08071286,2014-03-03 15:09:53,1765.0,ask
180,0.05204596,2014-03-03 15:19:57,1765.0,ask
181,0.03947345,2014-03-03 15:19:57,1765.0,ask
182,0.043,2014-03-03 15:21:24,1768.0,bid
183,0.057,2014-03-03 15:32:10,1768.0,ask
184,0.043,2014-03-03 15:32:10,1765.0,ask
185,0.08952655,2014-03-03 15:32:39,1765.0,ask
186,0.00347345,2014-03-03 15:32:39,1765.0,ask
187,0.11289968,2014-03-03 15:32:40,1765.0,ask
188,0.02463799,2014-03-03 15:32:40,1765.0,ask
189,0.011000000000000001,2014-03-03 15:33:39,1765.0,ask
190,0.00806246,2014-03-03 15:42:57,1765.0,ask
191,0.04,2014-03-03 15:42:57,1765.0,ask
192,0.08054538,2014-03-03 15:42:57,1765.0,ask
193,0.03104835,2014-03-03 15:55:54,1764.0,ask
194,0.03923552,2014-03-03 16:00:37,1764.0,ask
195,0.039,2014-03-03 16:00:37,1764.0,ask
196,0.05,2014-03-03 16:00:37,1764.0,ask
197,0.0112542,2014-03-03 16:00:37,1764.0,ask
198,0.00932978,2014-03-03 16:00:37,1761.15,ask
199,0.0021805,2014-03-03 16:00:37,1761.1,ask
200,0.11,2014-03-03 16:03:10,1761.1,ask
201,0.046,2014-03-03 16:10:38,1765.0,ask
202,0.09172216,2014-03-03 16:11:48,1768.0,bid
203,0.07530135,2014-03-03 16:11:48,1769.0,bid
204,0.00697649,2014-03-03 16:11:48,1769.0,bid
205,0.07102351,2014-03-03 16:12:32,1769.0,bid
206,0.02997649,2014-03-03 16:12:32,1769.0,bid
207,0.00102033,2014-03-03 16:13:28,1769.0,bid
208,0.13097967,2014-03-03 16:13:28,1769.0,bid
209,0.03802033,2014-03-03 16:13:37,1769.0,bid
210,0.079,2014-03-03 16:13:37,1769.0,bid
211,0.04697967,2014-03-03 16:13:37,1769.92,bid
212,0.01096405,2014-03-03 16:16:04,1769.92,bid
213,0.02503595,2014-03-03 16:16:04,1770.0,bid
214,0.14641655,2014-03-03 16:16:14,1770.0,bid
215,0.05196072,2014-03-03 16:16:14,1770.0,bid
216,0.03795827,2014-03-03 16:19:24,1770.0,bid
217,0.02804173,2014-03-03 16:19:24,1770.0,bid
218,0.008,2014-03-03 16:20:11,1770.0,bid
219,0.09995827,2014-03-03 16:20:18,1770.0,bid
220,0.04414177,2014-03-03 16:20:18,1770.0,bid
221,0.03289996,2014-03-03 16:20:18,1770.0,bid
222,0.01010004,2014-03-03 16:21:50,1770.0,bid
223,0.04886901,2014-03-03 16:21:50,1772.0,bid
224,0.03819892,2014-03-03 16:21:57,1772.0,bid
225,0.10107349,2014-03-03 16:22:11,1772.0,bid
226,0.00585858,2014-03-03 16:22:27,1772.0,bid
227,0.04032087,2014-03-03 16:22:27,1775.01,bid
228,0.06267913,2014-03-03 16:22:58,1775.01,bid
229,0.034,2014-03-03 16:22:58,1777.99,bid
230,0.07132087,2014-03-03 16:22:58,1777.99,bid
231,0.02618355,2014-03-03 16:23:30,1777.99,bid
232,0.01182383,2014-03-03 16:24:19,1777.99,bid
233,0.15361052,2014-03-03 16:24:19,1779.0,bid
234,0.02738948,2014-03-03 16:24:30,1779.0,bid
235,0.13253302,2014-03-03 16:24:30,1780.0,bid
236,0.00372747,2014-03-03 16:24:49,1780.0,bid
237,0.05573951,2014-03-03 16:25:00,1780.0,bid
238,0.00326049,2014-03-03 16:25:00,1786.0,bid
239,0.125,2014-03-03 16:25:11,1786.0,bid
240,0.03766194,2014-03-03 16:25:11,1786.0,bid
241,0.05533806,2014-03-03 16:25:11,1789.99,bid
242,0.11199999999999999,2014-03-03 16:25:29,1789.99,bid
243,0.02526449,2014-03-03 16:26:58,1789.99,bid
244,0.071,2014-03-03 16:26:58,1790.0,bid
245,0.09893288,2014-03-03 16:26:58,1790.0,bid
246,0.09522102,2014-03-03 16:27:37,1790.0,bid
247,0.01766614,2014-03-03 16:28:28,1790.0,ask
248,0.09824326,2014-03-03 16:29:15,1789.0,bid
249,0.133,2014-03-03 16:29:45,1795.9,bid
250,0.188,2014-03-03 16:30:00,1795.9,bid
251,0.19734132,2014-03-03 16:30:16,1795.9,bid
252,0.10565868,2014-03-03 16:30:26,1795.9,bid
253,0.062,2014-03-03 16:30:26,1800.0,bid
254,0.03134132,2014-03-03 16:30:26,1800.0,bid
255,0.04165868,2014-03-03 16:30:29,1800.0,bid
256,0.102,2014-03-03 16:30:29,1800.0,bid
257,0.02660391,2014-03-03 16:30:29,1800.0,bid
258,0.00514656,2014-03-03 16:31:20,1800.0,bid
259,0.006,2014-03-03 16:31:32,1800.0,bid
260,0.03555871,2014-03-03 16:31:40,1800.0,bid
261,0.075,2014-03-03 16:31:46,1800.0,bid
262,0.03187262,2014-03-03 16:31:55,1800.0,bid
263,0.067,2014-03-03 16:31:55,1800.0,bid
264,0.012,2014-03-03 16:31:55,1800.0,bid
265,0.06202154,2014-03-03 16:31:55,1803.47,bid
266,0.07197846,2014-03-03 16:32:30,1803.47,bid
267,0.02402154,2014-03-03 16:32:30,1810.0,bid
268,0.11199999999999999,2014-03-03 16:32:41,1810.0,bid
269,0.03797846,2014-03-03 16:33:08,1810.0,bid
270,0.11101633,2014-03-03 16:33:08,1810.0,bid
271,0.017,2014-03-03 16:33:24,1810.0,bid
272,0.00298367,2014-03-03 16:33:33,1810.0,bid
273,0.08900000000000001,2014-03-03 16:33:33,1813.99,bid
274,0.01307845,2014-03-03 16:33:33,1814.0,bid
275,0.08092155,2014-03-03 16:33:44,1814.0,bid
276,0.09694735,2014-03-03 16:33:44,1815.0,bid
277,0.07405265,2014-03-03 16:34:26,1815.0,bid
278,0.02590535,2014-03-03 16:34:26,1815.0,bid
279,0.09209465,2014-03-03 16:35:39,1815.0,bid
280,0.034,2014-03-03 16:35:39,1818.0,bid
281,0.035222699999999996,2014-03-03 16:35:39,1825.76,bid
282,0.01202545,2014-03-03 16:38:57,1815.0,bid
283,0.0213155,2014-03-03 16:38:57,1825.76,bid
284,0.11258979,2014-03-03 16:38:57,1825.76,bid
285,0.01961391,2014-03-03 16:39:21,1825.76,bid
286,0.09624993,2014-03-03 16:39:21,1825.76,bid
287,0.03655166,2014-03-03 16:41:18,1825.76,bid
288,0.00719841,2014-03-03 16:41:19,1825.76,bid
289,0.01727205,2014-03-03 16:41:19,1835.0,bid
290,0.06319301,2014-03-03 16:41:35,1835.0,bid
291,0.02242316,2014-03-03 16:41:47,1835.0,bid
292,0.03511178,2014-03-03 16:42:00,1835.0,bid
293,0.03488822,2014-03-03 16:42:00,1837.88,bid
294,0.01311178,2014-03-03 16:43:05,1837.88,bid
295,0.01297947,2014-03-03 16:43:05,1837.88,bid
296,0.06902053,2014-03-03 16:44:24,1837.88,bid
297,0.10360232,2014-03-03 16:53:51,1840.0,bid
298,0.02939768,2014-03-03 16:57:36,1840.0,bid
299,0.01,2014-03-03 17:01:40,1840.0,ask
300,0.11753108,2014-03-03 17:06:02,1840.0,ask
301,0.04546892,2014-03-03 17:06:02,1840.0,ask
302,0.02953108,2014-03-03 17:06:37,1840.0,ask
303,0.03046892,2014-03-03 17:06:37,1840.0,ask
304,0.09610688,2014-03-03 17:06:40,1840.0,ask
305,0.03539485,2014-03-03 17:06:40,1839.0,ask
306,0.04838351,2014-03-03 17:06:40,1839.0,ask
307,0.10055297,2014-03-03 17:07:13,1839.0,ask
308,0.05744703,2014-03-03 17:07:13,1839.0,ask
309,0.012,2014-03-03 17:08:21,1839.0,ask
310,0.05055297,2014-03-03 17:08:42,1839.0,ask
311,0.00429531,2014-03-03 17:08:42,1830.0,ask
312,0.02309589,2014-03-03 17:08:42,1825.0,ask
313,0.02713127,2014-03-03 17:09:04,1818.0,ask
314,0.09331366,2014-03-03 17:09:15,1819.0,bid
315,0.00368634,2014-03-03 17:09:40,1819.0,bid
316,0.00031366,2014-03-03 17:09:40,1820.0,bid
317,0.11074217,2014-03-03 17:10:08,1820.0,bid
318,0.04025783,2014-03-03 17:10:29,1820.0,ask
319,0.07286873,2014-03-03 17:10:29,1818.0,ask
320,0.01587344,2014-03-03 17:10:29,1818.0,ask
321,0.01012656,2014-03-03 17:10:56,1818.0,ask
322,0.1529134,2014-03-03 17:10:56,1815.0,ask
323,0.02060896,2014-03-03 17:10:56,1815.0,ask
324,0.032,2014-03-03 17:19:04,1820.0,ask
325,0.01,2014-03-03 17:20:20,1820.0,ask
326,0.0079264,2014-03-03 17:21:04,1820.0,ask
327,0.01688558,2014-03-03 17:21:04,1815.01,ask
328,0.02718802,2014-03-03 17:21:04,1815.0,ask
329,0.0225335,2014-03-03 17:22:06,1825.0,bid
330,0.0334665,2014-03-03 17:23:34,1825.0,bid
331,0.0635335,2014-03-03 17:23:34,1825.0,bid
332,0.001,2014-03-03 17:24:05,1822.0,ask
333,0.08456063,2014-03-03 17:24:14,1825.0,bid
334,0.06043937,2014-03-03 17:24:14,1829.0,bid
335,0.141,2014-03-03 17:25:05,1825.0,ask
336,0.00710081,2014-03-03 17:25:17,1822.0,ask
337,0.10081678,2014-03-03 17:26:10,1822.0,ask
338,0.06018322,2014-03-03 17:26:10,1822.0,ask
339,0.01965648,2014-03-03 17:26:42,1825.0,bid
340,0.02984292,2014-03-03 17:26:42,1829.0,bid
341,0.0085006,2014-03-03 17:26:42,1839.0,bid
342,0.03568563,2014-03-03 17:27:49,1822.0,ask
343,0.02337866,2014-03-03 17:27:59,1822.0,ask
344,0.03362134,2014-03-03 17:27:59,1822.0,ask
345,0.03422737,2014-03-03 17:28:46,1839.0,bid
346,0.03037866,2014-03-03 17:28:58,1822.0,ask
347,0.07247098,2014-03-03 17:28:58,1822.0,ask
348,0.03367218,2014-03-03 17:28:58,1822.0,ask
349,0.044000000000000004,2014-03-03 17:36:22,1835.99,bid
350,0.023,2014-03-03 17:37:13,1835.99,bid
351,0.11199999999999999,2014-03-03 17:38:01,1835.99,bid
352,0.03852948,2014-03-03 17:38:01,1836.0,bid
353,0.018000000000000002,2014-03-03 17:39:42,1838.99,bid
354,0.091,2014-03-03 17:39:42,1838.99,bid
355,0.06721519,2014-03-03 17:39:42,1839.0,bid
356,0.02005684,2014-03-03 17:39:43,1839.0,bid
357,0.02,2014-03-03 17:39:43,1839.0,bid
358,0.071,2014-03-03 17:39:43,1839.0,bid
359,0.05973445,2014-03-03 17:39:43,1839.0,bid
360,0.02194957,2014-03-03 17:43:07,1838.98,bid
361,0.04839243,2014-03-03 17:43:07,1838.99,bid
362,0.02877082,2014-03-03 17:43:52,1838.99,bid
363,0.05687156,2014-03-03 17:43:52,1838.99,bid
364,0.08118418,2014-03-03 17:43:52,1839.0,bid
365,0.02617344,2014-03-03 17:43:52,1839.0,bid
366,0.03431398,2014-03-03 17:48:51,1839.0,bid
367,0.00668602,2014-03-03 17:48:51,1839.5,bid
368,0.05275108,2014-03-03 17:50:30,1839.5,bid
369,0.036516900000000005,2014-03-03 17:55:53,1838.99,ask
370,0.01752573,2014-03-03 17:55:53,1838.99,ask
371,0.05695737,2014-03-03 17:55:53,1838.99,ask
372,0.01262727,2014-03-03 17:57:19,1839.5,bid
373,0.16266249,2014-03-03 17:57:19,1840.0,bid
374,0.012,2014-03-03 17:57:35,1838.99,ask
375,0.0520508,2014-03-03 17:59:24,1838.99,ask
376,0.017949200000000002,2014-03-03 17:59:24,1836.0,ask
377,0.002,2014-03-03 18:04:04,1840.0,bid
378,0.011941799999999999,2014-03-03 18:06:55,1836.0,ask
379,0.0430582,2014-03-03 18:12:49,1835.0,bid
380,0.09731288,2014-03-03 18:12:49,1835.0,bid
381,0.08886318,2014-03-03 18:13:08,1835.0,bid
382,0.00433751,2014-03-03 18:13:08,1840.0,bid
383,0.09214286,2014-03-03 18:13:08,1840.0,bid
384,0.03636548,2014-03-03 18:16:59,1840.0,bid
385,0.04363499,2014-03-03 18:16:59,1840.0,bid
386,0.036000000000000004,2014-03-03 18:28:31,1835.03,bid
387,0.01136501,2014-03-03 18:28:31,1840.0,bid
388,0.078,2014-03-03 18:28:31,1840.0,bid
389,0.06149442,2014-03-03 18:28:31,1840.0,bid
390,0.06355822,2014-03-03 18:30:05,1832.0,bid
391,0.11483484,2014-03-03 18:30:05,1840.0,bid
392,0.00060694,2014-03-03 18:30:05,1840.0,bid
393,0.095,2014-03-03 18:30:13,1840.0,bid
394,0.07669819,2014-03-03 18:30:30,1840.0,bid
395,0.06180409,2014-03-03 18:30:30,1840.0,bid
396,0.12119591,2014-03-03 18:30:48,1840.0,bid
397,0.01720283,2014-03-03 18:30:48,1844.5,bid
398,0.01551194,2014-03-03 18:30:48,1845.0,bid
399,0.01048806,2014-03-03 18:31:22,1845.0,bid
400,0.00851194,2014-03-03 18:31:22,1845.0,bid
401,0.04646239,2014-03-03 18:31:33,1845.0,bid
402,0.04596538,2014-03-03 18:31:33,1845.0,bid
403,0.055999999999999994,2014-03-03 18:31:34,1845.0,bid
404,0.0112686,2014-03-03 18:31:48,1845.0,bid
405,0.042,2014-03-03 18:31:48,1845.0,bid
406,0.08121114,2014-03-03 18:31:48,1845.0,bid
407,0.02430903,2014-03-03 18:31:48,1845.0,bid
408,0.01634182,2014-03-03 18:31:48,1846.97,bid
409,0.05666515,2014-03-03 18:32:18,1846.97,bid
410,0.05887786,2014-03-03 18:32:18,1846.97,bid
411,0.06636066,2014-03-03 18:32:18,1846.98,bid
412,0.043,2014-03-03 18:32:26,1846.98,bid
413,0.01463934,2014-03-03 18:33:55,1846.98,bid
414,0.03520443,2014-03-03 18:33:55,1846.98,bid
415,0.03083631,2014-03-03 18:33:55,1846.99,bid
416,0.07431992,2014-03-03 18:33:55,1847.0,bid
417,0.00668008,2014-03-03 18:34:46,1847.0,bid
418,0.06399844,2014-03-03 18:34:46,1847.99,bid
419,0.04232148,2014-03-03 18:34:46,1848.0,bid
420,0.02264134,2014-03-03 18:35:23,1848.0,bid
421,0.08879723,2014-03-03 18:35:28,1848.0,bid
422,0.05487403,2014-03-03 18:35:28,1848.0,bid
423,0.00151452,2014-03-03 18:35:28,1849.0,bid
424,0.04483092,2014-03-03 18:36:14,1849.0,bid
425,0.02765456,2014-03-03 18:37:40,1849.0,bid
426,0.01662342,2014-03-03 18:37:40,1849.0,bid
427,0.01237658,2014-03-03 18:40:25,1849.0,bid
428,0.031,2014-03-03 18:40:25,1849.0,bid
429,0.061,2014-03-03 18:40:25,1849.93,bid
430,0.01662342,2014-03-03 18:40:25,1849.95,bid
431,0.09557206,2014-03-03 18:40:58,1849.95,bid
432,0.03080452,2014-03-03 18:41:30,1849.95,bid
433,0.10919548,2014-03-03 18:41:30,1849.98,bid
434,0.02210978,2014-03-03 18:41:39,1849.98,bid
435,0.02004292,2014-03-03 18:41:58,1849.98,bid
436,0.01541883,2014-03-03 18:42:00,1849.98,bid
437,0.01471139,2014-03-03 18:42:00,1850.0,bid
438,0.11928861,2014-03-03 18:42:17,1850.0,bid
439,0.03771139,2014-03-03 18:42:17,1850.0,bid
440,0.04973083,2014-03-03 18:42:29,1850.0,bid
441,0.14789578,2014-03-03 18:42:29,1850.0,bid
442,0.03443894,2014-03-03 18:42:37,1850.0,bid
443,0.08850119999999999,2014-03-03 18:42:37,1850.0,bid
444,0.06896281,2014-03-03 18:42:37,1850.0,bid
445,0.10303719,2014-03-03 18:43:49,1850.0,bid
446,0.017,2014-03-03 18:43:49,1850.0,bid
447,0.01696281,2014-03-03 18:43:49,1850.0,bid
448,0.096,2014-03-03 18:43:52,1850.0,bid
449,0.05370448,2014-03-03 18:44:03,1850.0,bid
450,0.07329552,2014-03-03 18:44:03,1850.0,bid
451,0.00870448,2014-03-03 18:44:09,1850.0,bid
452,0.09750606,2014-03-03 18:44:09,1850.0,bid
453,0.02242173,2014-03-03 18:46:06,1850.0,bid
454,0.06876031,2014-03-03 18:46:06,1850.0,bid
455,0.02081796,2014-03-03 18:46:06,1850.94,bid
456,0.158,2014-03-03 18:48:47,1850.94,bid
457,0.00018204,2014-03-03 18:50:06,1850.94,bid
458,0.043,2014-03-03 18:50:06,1850.94,bid
459,0.05009313,2014-03-03 18:50:06,1855.0,bid
460,0.04913422,2014-03-03 18:50:06,1859.0,bid
461,0.01661241,2014-03-03 18:50:34,1859.0,bid
462,0.03425337,2014-03-03 18:50:48,1859.0,bid
463,0.02894145,2014-03-03 18:50:48,1859.99,bid
464,0.14400000000000002,2014-03-03 18:50:49,1859.99,bid
465,0.00105855,2014-03-03 18:50:54,1859.99,bid
466,0.14694145,2014-03-03 18:50:54,1863.8,bid
467,0.03005855,2014-03-03 18:51:02,1863.8,bid
468,0.00344244,2014-03-03 18:51:02,1865.0,bid
469,0.078,2014-03-03 18:51:07,1865.0,bid
470,0.01884245,2014-03-03 18:51:15,1865.0,bid
471,0.05171511,2014-03-03 18:51:23,1865.0,bid
472,0.12542327,2014-03-03 18:51:23,1870.0,bid
473,0.005,2014-03-03 18:51:25,1870.0,bid
474,0.00739298,2014-03-03 18:51:33,1870.0,bid
475,0.00722739,2014-03-03 18:51:33,1874.78,bid
476,0.01363461,2014-03-03 18:51:33,1877.0,bid
477,0.01574502,2014-03-03 18:51:33,1877.0,bid
478,0.139,2014-03-03 18:51:43,1877.0,bid
479,0.01694495,2014-03-03 18:51:48,1877.0,bid
480,0.0959576,2014-03-03 18:51:48,1880.0,bid
481,4.24e-05,2014-03-03 18:51:57,1880.0,bid
482,0.061,2014-03-03 18:51:57,1880.0,bid
483,0.12763537,2014-03-03 18:51:57,1880.0,bid
484,0.00237883,2014-03-03 18:51:57,1880.0,bid
485,0.1345651,2014-03-03 18:52:00,1880.0,bid
486,0.02304447,2014-03-03 18:52:00,1885.0,bid
487,0.076,2014-03-03 18:52:06,1885.0,bid
488,0.009000000000000001,2014-03-03 18:54:14,1885.0,bid
489,0.05295553,2014-03-03 18:54:30,1885.0,bid
490,0.03704447,2014-03-03 18:54:30,1885.0,bid
491,0.02595553,2014-03-03 18:56:08,1885.0,bid
492,0.07286103,2014-03-03 18:56:08,1885.0,bid
493,0.06283481,2014-03-03 18:57:29,1885.0,bid
494,0.10946028,2014-03-03 18:57:29,1888.98,bid
495,0.18128635,2014-03-03 18:58:07,1888.98,bid
496,0.18829698,2014-03-03 18:58:26,1888.98,bid
497,0.18623976,2014-03-03 18:58:55,1888.98,bid
498,0.052000000000000005,2014-03-03 18:58:58,1888.98,bid
499,0.07,2014-03-03 18:59:19,1888.98,bid
500,0.04226696,2014-03-03 18:59:53,1888.98,bid
501,0.06816368,2014-03-03 19:00:01,1888.98,bid
502,0.05316753,2014-03-03 19:00:01,1890.0,bid
503,0.00083247,2014-03-03 19:00:10,1890.0,bid
504,0.06916753,2014-03-03 19:00:10,1890.0,bid
505,0.00883247,2014-03-03 19:00:34,1890.0,bid
506,0.12516753,2014-03-03 19:00:34,1890.0,bid
507,0.04818379,2014-03-03 19:00:44,1890.0,bid
508,0.00281621,2014-03-03 19:00:44,1891.0,bid
509,0.02206378,2014-03-03 19:01:07,1891.0,bid
510,0.13666385,2014-03-03 19:01:07,1899.0,bid
511,0.00533615,2014-03-03 19:02:03,1899.0,bid
512,0.0317041,2014-03-03 19:02:03,1899.0,bid
513,0.0282959,2014-03-03 19:02:39,1899.0,bid
514,0.06180245,2014-03-03 19:02:39,1899.97,bid
515,0.01,2014-03-03 19:03:34,1899.97,bid
516,0.122,2014-03-03 19:04:13,1899.97,bid
517,0.022000000000000002,2014-03-03 19:05:11,1899.97,bid
518,0.127,2014-03-03 19:05:24,1899.97,bid
519,0.151,2014-03-03 19:06:25,1899.97,bid
520,0.13310739,2014-03-03 19:07:26,1899.97,bid
521,0.07,2014-03-03 19:08:06,1899.97,bid
522,0.09450255,2014-03-03 19:08:58,1899.97,bid
523,0.03129464,2014-03-03 19:08:58,1900.0,bid
524,0.06594293,2014-03-03 19:09:17,1900.0,bid
525,0.08105707,2014-03-03 19:09:17,1900.0,bid
526,0.007683,2014-03-03 19:09:37,1900.0,bid
527,0.03325993,2014-03-03 19:09:44,1900.0,bid
528,0.06774007,2014-03-03 19:09:44,1900.0,bid
529,0.07284651,2014-03-03 19:10:47,1900.0,bid
530,0.02627866,2014-03-03 19:11:47,1900.0,bid
531,0.086,2014-03-03 19:11:47,1900.0,bid
532,0.0431752,2014-03-03 19:11:47,1900.0,bid
533,0.11604266,2014-03-03 19:13:53,1900.0,bid
534,0.07195734,2014-03-03 19:13:53,1900.0,bid
535,0.05604266,2014-03-03 19:14:00,1900.0,bid
536,0.12295734,2014-03-03 19:14:00,1905.0,bid
537,0.001,2014-03-03 19:14:28,1905.0,bid
538,0.01704266,2014-03-03 19:15:47,1905.0,bid
539,0.09210609,2014-03-03 19:15:47,1905.01,bid
540,0.035,2014-03-03 19:15:47,1915.0,bid
541,0.03385125,2014-03-03 19:15:47,1915.0,bid
542,0.01423697,2014-03-03 19:17:21,1915.0,bid
543,0.04776303,2014-03-03 19:17:21,1917.99,bid
544,0.01241314,2014-03-03 19:17:49,1917.99,bid
545,0.06744956,2014-03-03 19:17:49,1920.0,bid
546,0.01031208,2014-03-03 19:17:54,1920.0,bid
547,0.07823836,2014-03-03 19:18:41,1920.0,bid
548,0.05742574,2014-03-03 19:18:41,1920.0,bid
549,0.01457426,2014-03-03 19:21:53,1920.0,bid
550,0.075,2014-03-03 19:21:53,1920.0,bid
551,0.05057546,2014-03-03 19:21:53,1929.2,bid
552,0.040999999999999995,2014-03-03 19:23:53,1929.2,bid
553,0.03942454,2014-03-03 19:23:57,1929.2,bid
554,0.09357546,2014-03-03 19:23:57,1930.0,bid
555,0.03765735,2014-03-03 19:24:29,1930.0,bid
556,0.04070923,2014-03-03 19:24:29,1930.0,bid
557,0.04522653,2014-03-03 19:26:06,1930.0,bid
558,0.02904465,2014-03-03 19:26:06,1930.0,bid
559,0.07694198,2014-03-03 19:27:56,1930.0,bid
560,0.048,2014-03-03 19:28:26,1920.0,ask
561,0.07601337,2014-03-03 19:28:34,1930.0,bid
562,0.03840987,2014-03-03 19:28:34,1941.0,bid
563,0.05659013,2014-03-03 19:28:45,1941.0,bid
564,0.05652335,2014-03-03 19:28:45,1943.9,bid
565,0.02488652,2014-03-03 19:28:45,1944.3,bid
566,0.046,2014-03-03 19:28:56,1944.3,bid
567,0.00411348,2014-03-03 19:29:18,1944.3,bid
568,0.027000000000000003,2014-03-03 19:29:18,1945.0,bid
569,0.00281116,2014-03-03 19:29:18,1945.0,bid
570,0.06581533,2014-03-03 19:29:18,1945.0,bid
571,0.002,2014-03-03 19:31:24,1930.0,ask
572,0.09218467,2014-03-03 19:31:52,1945.0,bid
573,0.034,2014-03-03 19:31:52,1945.0,bid
574,0.01681533,2014-03-03 19:31:52,1946.0,bid
575,0.109,2014-03-03 19:31:53,1946.0,bid
576,0.03832571,2014-03-03 19:32:22,1946.0,bid
577,0.08767429,2014-03-03 19:36:02,1946.0,ask
578,0.11199999999999999,2014-03-03 19:36:13,1930.0,ask
579,0.05805346,2014-03-03 19:36:13,1930.0,ask
580,0.01688331,2014-03-03 19:36:13,1930.0,ask
581,0.01532571,2014-03-03 19:36:31,1944.3,bid
582,0.02437023,2014-03-03 19:36:33,1946.0,ask
583,0.052000000000000005,2014-03-03 19:36:38,1930.0,ask
584,0.03417374,2014-03-03 19:36:46,1930.0,ask
585,0.064,2014-03-03 19:36:46,1930.0,ask
586,0.15744481,2014-03-03 19:37:53,1921.0,ask
587,0.00455519,2014-03-03 19:37:53,1920.0,ask
588,0.06382626,2014-03-03 19:37:57,1930.0,bid
589,0.07951882,2014-03-03 19:37:57,1945.0,bid
590,0.00911095,2014-03-03 19:38:16,1945.0,bid
591,0.00888905,2014-03-03 19:39:15,1946.0,ask
592,0.01088077,2014-03-03 19:39:54,1920.0,ask
593,0.01712843,2014-03-03 19:41:00,1920.0,ask
594,0.09787157,2014-03-03 19:41:00,1920.0,ask
595,0.0776857,2014-03-03 19:42:25,1944.3,bid
596,0.00112843,2014-03-03 19:44:39,1920.0,ask
597,0.076,2014-03-03 19:45:26,1901.0,ask
598,0.033,2014-03-03 19:45:26,1901.0,ask
599,0.15314422,2014-03-03 19:45:48,1905.0,bid
600,0.03663844,2014-03-03 19:46:12,1901.0,ask
601,0.00936316,2014-03-03 19:46:22,1905.0,bid
602,0.063,2014-03-03 19:46:33,1906.0,bid
603,0.063,2014-03-03 19:46:42,1905.0,ask
604,0.04909385,2014-03-03 19:48:55,1906.0,bid
605,0.06590615,2014-03-03 19:48:55,1910.0,bid
606,0.03863684,2014-03-03 19:54:19,1905.0,ask
607,0.077,2014-03-03 19:54:19,1902.0,ask
608,0.01836316,2014-03-03 19:54:19,1901.0,ask
609,0.11123179999999999,2014-03-03 19:56:02,1910.0,bid
610,0.02241027,2014-03-03 19:56:02,1920.0,bid
611,0.162,2014-03-03 19:58:44,1920.0,bid
612,0.00463849,2014-03-03 19:58:55,1920.0,bid
613,0.00436151,2014-03-03 19:58:55,1920.0,bid
614,0.006,2014-03-03 19:59:47,1920.0,bid
615,0.02,2014-03-03 20:01:37,1920.0,bid
616,0.03994831,2014-03-03 20:03:03,1920.0,bid
617,0.05989483,2014-03-03 20:03:03,1920.0,bid
618,0.03060483,2014-03-03 20:03:03,1930.0,bid
619,0.00655203,2014-03-03 20:03:03,1930.0,bid
620,0.069,2014-03-03 20:04:55,1930.0,bid
621,0.06444797,2014-03-03 20:07:06,1930.0,bid
622,0.04271628,2014-03-03 20:07:06,1930.0,bid
623,0.005,2014-03-03 20:08:26,1930.0,bid
624,0.01559151,2014-03-03 20:09:26,1930.0,bid
625,0.11440849,2014-03-03 20:09:26,1935.0,bid
626,0.14496054,2014-03-03 20:10:35,1933.0,bid
627,0.00881088,2014-03-03 20:10:35,1935.0,bid
628,0.04522858,2014-03-03 20:10:35,1935.0,bid
629,0.08477142,2014-03-03 20:13:44,1935.0,bid
630,0.00122858,2014-03-03 20:13:44,1935.0,bid
631,0.05,2014-03-03 20:15:11,1935.0,bid
632,0.14800000000000002,2014-03-03 20:22:11,1906.0,ask
633,0.051,2014-03-03 20:31:13,1906.0,bid
634,0.03029456,2014-03-03 20:32:53,1927.55,ask
635,0.03113741,2014-03-03 20:41:21,1927.55,ask
636,0.03686259,2014-03-03 20:41:21,1912.0,ask
637,0.01861706,2014-03-03 21:22:23,1912.0,ask
638,0.1393259,2014-03-03 21:22:23,1905.0,ask
639,0.02805704,2014-03-03 21:22:23,1902.0,ask
640,0.025,2014-03-03 21:24:51,1902.0,ask
641,0.03295309,2014-03-03 21:27:39,1902.0,ask
642,0.01,2014-03-03 21:35:12,1902.0,ask
643,0.027000000000000003,2014-03-03 21:41:38,1910.0,bid
644,0.09293635,2014-03-03 21:41:38,1921.0,bid
645,0.01106365,2014-03-03 21:43:47,1921.0,bid
646,0.035,2014-03-03 21:43:47,1921.0,bid
647,0.11593635,2014-03-03 21:44:18,1922.0,ask
648,0.09300000000000001,2014-03-03 21:57:24,1920.0,ask
649,0.067,2014-03-03 22:01:44,1920.0,ask
650,0.09567535,2014-03-03 22:16:07,1902.0,ask
651,0.02248171,2014-03-03 22:16:07,1901.0,ask
652,0.021,2014-03-03 23:07:30,1910.0,bid
653,0.04451669,2014-03-03 23:43:57,1901.0,ask
654,0.02348331,2014-03-03 23:43:57,1901.0,ask
655,0.06707984,2014-03-04 00:12:09,1910.0,bid
656,0.04716809,2014-03-04 00:12:09,1915.0,bid
657,0.06126926,2014-03-04 00:47:24,1915.0,bid
658,0.04420271,2014-03-04 00:47:24,1922.0,bid
659,0.03286094,2014-03-04 01:44:53,1922.0,bid
660,0.0033742,2014-03-04 01:44:53,1922.0,bid
661,0.00814823,2014-03-04 01:44:53,1923.99,bid
662,0.15974418,2014-03-04 02:17:51,1923.99,bid
663,0.01310759,2014-03-04 05:15:35,1923.99,bid
664,0.12092206,2014-03-04 05:15:35,1929.0,bid
665,0.05007794,2014-03-04 08:05:40,1929.0,bid
666,0.03792206,2014-03-04 08:05:40,1929.0,bid
667,0.1260126,2014-03-04 09:43:43,1929.0,bid
668,0.04982374,2014-03-04 09:43:43,1930.0,bid
669,0.00817626,2014-03-04 10:22:31,1930.0,bid
670,0.05394324,2014-03-04 10:22:31,1930.0,bid
671,0.11585126,2014-03-04 10:22:31,1934.8,bid
672,0.00965148,2014-03-04 10:43:05,1934.8,bid
673,0.02349558,2014-03-04 10:43:05,1935.0,bid
674,0.07723060000000001,2014-03-04 10:46:20,1935.0,bid
675,0.09935008,2014-03-04 10:46:20,1935.0,bid
676,0.14,2014-03-04 10:46:20,1935.0,bid
677,0.036000000000000004,2014-03-04 10:46:20,1935.13,bid
678,0.03165214,2014-03-04 10:46:20,1936.66,bid
679,0.01547879,2014-03-04 10:46:20,1937.0,bid
680,0.08199999999999999,2014-03-04 10:46:20,1938.0,bid
681,0.07653416,2014-03-04 10:46:20,1938.0,bid
682,0.006,2014-03-04 10:46:20,1939.97,bid
683,0.07828685,2014-03-04 10:46:20,1940.0,bid
684,0.08800000000000001,2014-03-04 10:46:20,1940.98,bid
685,0.06036957,2014-03-04 10:46:20,1944.0,bid
686,0.01854476,2014-03-04 10:46:20,1944.3,bid
687,0.07793895,2014-03-04 10:46:20,1948.0,bid
688,0.006999999999999999,2014-03-04 10:46:20,1948.0,bid
689,0.1056141,2014-03-04 10:46:20,1948.0,bid
690,0.02951606,2014-03-04 10:46:50,1948.0,bid
691,0.03786984,2014-03-04 10:46:59,1948.0,bid
692,0.016,2014-03-04 10:46:59,1948.5,bid
693,0.17925978,2014-03-04 10:46:59,1949.0,bid
694,0.08263808,2014-03-04 10:46:59,1950.0,bid
695,0.12863792,2014-03-04 10:46:59,1950.0,bid
696,0.043,2014-03-04 10:46:59,1950.0,bid
697,0.16982797,2014-03-04 10:46:59,1950.0,bid
698,0.15019522,2014-03-04 10:46:59,1950.0,bid
699,0.03924306,2014-03-04 10:46:59,1950.0,bid
700,0.03650796,2014-03-04 10:46:59,1950.0,bid
701,0.042,2014-03-04 10:46:59,1950.0,bid
702,0.07482017,2014-03-04 10:46:59,1950.0,bid
703,0.08116117,2014-03-04 10:47:26,1950.0,bid
704,0.10800000000000001,2014-03-04 10:47:26,1950.0,bid
705,0.156,2014-03-04 10:47:26,1950.0,bid
706,0.12,2014-03-04 10:47:26,1956.51,bid
707,0.021,2014-03-04 10:47:26,1958.01,bid
708,0.02040591,2014-03-04 10:47:26,1959.0,bid
709,0.043,2014-03-04 10:47:26,1959.0,bid
710,0.02983132,2014-03-04 10:47:26,1960.0,bid
711,0.07606324,2014-03-04 10:47:26,1960.0,bid
712,0.07648835,2014-03-04 10:47:26,1960.0,bid
713,0.057207600000000004,2014-03-04 10:47:26,1960.0,bid
714,0.043,2014-03-04 10:47:26,1960.0,bid
715,0.1726906,2014-03-04 10:47:26,1960.0,bid
716,0.00362778,2014-03-04 10:47:26,1960.0,bid
717,0.04429330000000001,2014-03-04 10:47:26,1960.0,bid
718,0.15,2014-03-04 10:47:26,1960.0,bid
719,0.04423603,2014-03-04 10:47:26,1965.05,bid
720,0.11199999999999999,2014-03-04 10:47:26,1966.0,bid
721,0.6409946999999999,2014-03-04 10:47:26,1968.0,bid
722,0.0070053,2014-03-04 10:50:20,1968.0,bid
723,0.12458879999999999,2014-03-04 10:50:20,1970.98,bid
724,0.05731512,2014-03-04 10:50:20,1976.0,bid
725,0.0495154,2014-03-04 10:50:28,1976.0,bid
726,0.10974949999999999,2014-03-04 10:50:28,1978.8,bid
727,0.013999999999999999,2014-03-04 10:50:28,1978.8,bid
728,0.19702464,2014-03-04 10:50:28,1979.0,bid
729,0.04460163,2014-03-04 10:50:28,1979.87,bid
730,0.071,2014-03-04 10:50:28,1979.99,bid
731,0.04581835,2014-03-04 10:50:28,1980.0,bid
732,0.172,2014-03-04 10:50:28,1980.0,bid
733,0.068,2014-03-04 10:50:28,1980.0,bid
734,0.09300000000000001,2014-03-04 10:50:28,1980.0,bid
735,0.04577901,2014-03-04 10:50:28,1980.0,bid
736,0.08951147,2014-03-04 10:50:28,1980.0,bid
737,0.09348853,2014-03-04 10:50:50,1980.0,bid
738,0.16394185,2014-03-04 10:50:50,1985.0,bid
739,0.19899999999999998,2014-03-04 10:50:50,1995.0,bid
740,0.198,2014-03-04 10:50:50,1998.0,bid
741,0.182,2014-03-04 10:50:50,2077.0,bid
742,0.06963378,2014-03-04 10:50:50,2079.0,bid
743,0.00483866,2014-03-04 10:50:50,2080.0,bid
744,0.06,2014-03-04 10:50:50,2087.0,bid
745,0.48100000000000004,2014-03-04 10:51:09,2260.0,bid
746,0.07060526,2014-03-04 10:51:09,2299.98,bid
747,0.046,2014-03-04 10:52:04,2400.0,ask
748,0.00958416,2014-03-04 10:53:28,2400.0,ask
749,0.153,2014-03-04 10:54:51,2400.0,ask
750,0.028999999999999998,2014-03-04 10:55:59,2400.0,ask
751,0.068,2014-03-04 10:57:12,2400.0,ask
752,0.02559162,2014-03-04 10:59:34,2400.0,ask
753,0.10300000000000001,2014-03-04 11:00:21,2400.0,ask
754,0.11332663,2014-03-04 11:02:43,2400.0,ask
755,0.131,2014-03-04 11:19:49,2401.01,ask
756,0.03651432,2014-03-04 11:21:37,2401.01,ask
757,0.16399999999999998,2014-03-04 11:23:29,2401.01,ask
758,0.06848568,2014-03-04 11:25:10,2401.01,ask
759,0.00286875,2014-03-04 11:25:10,2400.0,ask
760,0.16479155,2014-03-04 11:27:03,2400.0,ask
761,0.09912138,2014-03-04 11:28:14,2400.0,ask
762,0.094,2014-03-04 11:32:02,2400.0,ask
763,0.06711782,2014-03-04 11:32:22,2400.0,ask
764,0.05540924,2014-03-04 11:42:00,2405.0,ask
765,0.008,2014-03-04 11:53:05,2405.0,ask
766,0.05944680000000001,2014-03-04 11:54:50,2405.0,ask
767,0.11416174,2014-03-04 11:56:40,2405.0,ask
768,0.13456954,2014-03-04 11:58:30,2405.0,ask
769,0.10400000000000001,2014-03-04 11:59:28,2405.0,ask
770,0.08024989999999999,2014-03-04 12:00:22,2405.0,ask
771,0.05553633,2014-03-04 12:05:33,2405.0,ask
772,0.047,2014-03-04 12:07:56,2405.0,ask
773,0.048,2014-03-04 12:29:56,2405.0,ask
774,0.159,2014-03-04 12:38:43,2405.0,ask
775,0.53163167,2014-03-04 12:55:28,2405.0,ask
776,0.13687763,2014-03-04 12:55:33,2405.0,ask
777,0.132,2014-03-04 12:57:29,2405.0,ask
778,0.45092832,2014-03-04 12:58:09,2405.0,ask
779,0.157,2014-03-04 13:01:55,2405.0,ask
780,0.054000000000000006,2014-03-04 13:02:25,2405.0,ask
781,0.17218883,2014-03-04 13:02:28,2405.0,ask
782,0.01655515,2014-03-04 13:02:28,2400.0,ask
783,0.11091017,2014-03-04 13:02:56,2400.0,ask
784,0.16899999999999998,2014-03-04 13:05:36,2400.0,ask
785,0.01726105,2014-03-04 13:06:17,2400.0,ask
786,1.25926646,2014-03-04 13:06:27,2400.0,ask
787,0.1,2014-03-04 13:06:27,2399.0,ask
788,0.13432432,2014-03-04 13:06:27,2350.0,ask
789,0.5,2014-03-04 13:06:27,2300.0,ask
790,0.17800000000000002,2014-03-04 13:06:29,2290.0,ask
791,1.3,2014-03-04 13:06:45,2290.0,ask
792,0.022000000000000002,2014-03-04 13:07:02,2290.0,ask
793,0.151,2014-03-04 13:07:02,2210.1,ask
794,0.19899999999999998,2014-03-04 13:07:15,2210.1,ask
795,0.02909718,2014-03-04 13:07:15,2200.0,ask
796,0.032322000000000004,2014-03-04 13:08:13,2160.0,ask
797,0.09413836,2014-03-04 13:08:13,2150.0,ask
798,0.18235076,2014-03-04 13:08:31,2150.0,ask
799,0.06694341,2014-03-04 13:11:03,2150.0,ask
800,0.004,2014-03-04 13:15:29,2130.0,bid
801,0.03210495,2014-03-04 13:16:57,2130.0,bid
802,0.069,2014-03-04 13:16:57,2138.0,bid
803,0.071,2014-03-04 13:16:57,2147.0,bid
804,0.027000000000000003,2014-03-04 13:19:03,2149.99,bid
805,0.08490669,2014-03-04 13:19:30,2150.0,ask
806,0.04847088,2014-03-04 13:19:30,2150.0,ask
807,0.06062243,2014-03-04 13:19:30,2150.0,ask
808,0.03937757,2014-03-04 13:19:47,2150.0,ask
809,0.00493189,2014-03-04 13:20:26,2150.0,bid
810,0.10313876,2014-03-04 13:20:49,2160.0,ask
811,0.13,2014-03-04 13:24:25,2168.0,bid
812,0.006,2014-03-04 13:24:25,2169.0,bid
813,0.01311608,2014-03-04 13:24:25,2170.0,bid
814,0.0412017,2014-03-04 13:25:06,2180.0,ask
815,0.04153323,2014-03-04 13:25:44,2180.0,bid
816,0.07026507,2014-03-04 13:30:29,2180.0,bid
817,0.08255991,2014-03-04 13:30:29,2180.0,bid
818,0.11116814,2014-03-04 13:33:31,2180.0,bid
819,0.00522419,2014-03-04 13:33:31,2180.0,bid
820,0.091,2014-03-04 13:34:48,2188.0,bid
821,0.02957541,2014-03-04 13:34:48,2188.0,bid
822,0.15013097,2014-03-04 13:43:00,2190.01,bid
823,0.05935626,2014-03-04 13:43:00,2192.0,bid
824,0.068,2014-03-04 13:43:00,2192.94,bid
825,0.156,2014-03-04 13:43:00,2197.0,bid
826,0.129,2014-03-04 13:43:00,2197.0,bid
827,1.43751277,2014-03-04 13:43:00,2400.0,bid
828,0.78306723,2014-03-04 13:43:20,2400.0,bid
829,0.34568723,2014-03-04 13:43:58,2410.0,bid
830,0.022000000000000002,2014-03-04 13:45:55,2400.0,ask
831,0.47831204,2014-03-04 13:46:11,2400.0,ask
832,0.71662073,2014-03-04 13:46:55,2400.0,ask
833,0.11699999999999999,2014-03-04 13:47:31,2350.0,ask
834,0.139,2014-03-04 13:47:59,2350.0,ask
835,0.12057541,2014-03-04 13:48:04,2350.0,ask
836,0.099,2014-03-04 13:50:09,2350.0,ask
837,0.02442459,2014-03-04 13:51:22,2350.0,ask
838,0.094055,2014-03-04 13:51:22,2200.0,ask
839,0.02657242,2014-03-04 13:51:39,2200.0,ask
840,0.09257059,2014-03-04 13:52:32,2200.0,ask
841,0.146,2014-03-04 13:54:04,2200.0,ask
842,0.1,2014-03-04 13:54:56,2400.0,bid
843,0.06363999,2014-03-04 13:57:58,2190.0,ask
844,0.00706651,2014-03-04 13:57:58,2185.0,ask
845,0.01,2014-03-04 13:58:30,2185.0,ask
846,0.05154116,2014-03-04 13:59:36,2185.0,ask
847,0.10123622,2014-03-04 13:59:36,2185.0,ask
848,0.03222262,2014-03-04 13:59:36,2170.0,ask
849,0.00289815,2014-03-04 14:04:11,2170.0,ask
850,0.02592935,2014-03-04 14:04:11,2160.0,ask
851,0.02089505,2014-03-04 14:04:11,2149.0,ask
852,0.02823057,2014-03-04 14:04:11,2130.0,ask
853,0.057,2014-03-04 14:11:50,2140.0,bid
854,0.054000000000000006,2014-03-04 14:12:21,2140.0,bid
855,0.00248479,2014-03-04 14:14:20,2170.0,bid
856,0.019,2014-03-04 14:14:30,2170.0,bid
857,0.03951521,2014-03-04 14:16:18,2170.0,bid
858,0.02148479,2014-03-04 14:16:18,2170.0,bid
859,0.015,2014-03-04 14:16:28,2170.0,bid
860,0.06351521,2014-03-04 14:20:51,2170.0,bid
861,0.01176662,2014-03-04 14:20:51,2170.0,bid
862,0.11937357,2014-03-04 14:20:51,2170.0,bid
863,0.146,2014-03-04 14:21:10,2171.0,bid
864,0.17600000000000002,2014-03-04 14:21:25,2179.69,bid
865,0.06608327,2014-03-04 14:21:39,2180.0,bid
866,0.00528391,2014-03-04 14:21:49,2180.01,bid
867,0.09699999999999999,2014-03-04 14:27:03,2170.0,ask
868,0.06075458,2014-03-04 14:27:03,2170.0,ask
869,0.46875209999999995,2014-03-04 14:28:07,2175.0,bid
870,0.001,2014-03-04 14:30:18,2170.0,ask
871,0.04195002,2014-03-04 14:31:53,2170.0,ask
872,0.01132231,2014-03-04 14:34:08,2170.0,ask
873,0.12067769,2014-03-04 14:34:08,2168.99,ask
874,0.22988000000000003,2014-03-04 14:54:00,2175.0,bid
875,0.07032231,2014-03-04 14:54:10,2168.99,ask
876,0.12,2014-03-04 14:54:10,2167.0,ask
877,0.00567769,2014-03-04 14:57:14,2162.0,bid
878,0.06785938,2014-03-04 14:57:14,2162.0,bid
879,0.02814062,2014-03-04 14:58:46,2162.0,bid
880,0.00242521,2014-03-04 14:58:46,2170.0,bid
881,0.10457479,2014-03-04 15:00:19,2170.0,bid
882,0.02032551,2014-03-04 15:00:19,2175.0,bid
883,0.085,2014-03-04 15:00:37,2175.0,bid
884,0.02765724,2014-03-04 15:03:07,2175.0,bid
885,0.091,2014-03-04 15:07:15,2175.0,bid
886,0.10977416,2014-03-04 15:13:30,2160.0,ask
887,0.01095854,2014-03-04 15:13:30,2160.0,ask
888,0.10204146,2014-03-04 15:14:44,2160.0,ask
889,0.01713769,2014-03-04 15:14:44,2160.0,ask
890,0.00782085,2014-03-04 15:14:44,2160.0,ask
891,0.07738515,2014-03-04 15:18:16,2175.0,bid
892,0.00248479,2014-03-04 15:23:33,2178.99,ask
893,0.02354682,2014-03-04 15:24:17,2178.99,ask
894,0.00248706,2014-03-04 15:27:05,2177.0,bid
895,0.04,2014-03-04 15:30:25,2175.0,bid
896,0.08172085,2014-03-04 15:31:56,2170.0,bid
897,0.04587396,2014-03-04 15:34:41,2165.0,ask
898,0.01,2014-03-04 15:36:51,2170.0,bid
899,0.04576826,2014-03-04 16:02:11,2170.0,ask
900,0.1841,2014-03-04 16:26:38,2172.0,bid
901,0.08030425,2014-03-04 16:28:14,2160.0,ask
902,0.12666645,2014-03-04 16:28:14,2160.0,ask
903,0.166,2014-03-04 16:28:14,2160.0,ask
904,0.3159,2014-03-04 16:28:44,2172.0,bid
905,0.5012,2014-03-04 16:42:47,2168.0,bid
906,0.1,2014-03-04 17:03:02,2165.0,bid
907,0.45,2014-03-04 17:03:02,2165.0,bid
908,0.02364347,2014-03-04 17:11:59,2167.5,bid
909,0.0142156,2014-03-04 17:14:22,2168.0,bid
910,0.0270293,2014-03-04 17:14:22,2170.0,bid
911,0.46799999999999997,2014-03-04 17:17:15,2164.0,ask
912,0.045,2014-03-04 17:24:52,2151.0,ask
913,0.10260069,2014-03-04 17:24:52,2150.0,ask
914,0.085,2014-03-04 17:24:52,2150.0,ask
915,0.03500594,2014-03-04 17:24:52,2150.0,ask
916,0.14400000000000002,2014-03-04 17:30:20,2141.0,ask
917,8.59e-06,2014-03-04 17:30:38,2141.0,ask
918,0.14604141,2014-03-04 17:30:38,2130.0,ask
919,1.537e-05,2014-03-04 17:31:08,2130.0,ask
920,0.008,2014-03-04 17:31:08,2126.0,ask
921,0.033,2014-03-04 17:31:08,2120.0,ask
922,0.023,2014-03-04 17:31:08,2120.0,ask
923,0.032,2014-03-04 17:31:08,2120.0,ask
924,0.06635879,2014-03-04 17:31:08,2119.99,ask
925,0.027999999999999997,2014-03-04 17:31:08,2119.99,ask
926,0.0524215,2014-03-04 17:31:08,2117.95,ask
927,0.18560565,2014-03-04 17:31:08,2115.0,ask
928,0.06183762,2014-03-04 17:31:46,2110.0,ask
929,0.1087073,2014-03-04 17:31:46,2106.01,ask
930,0.18091431,2014-03-04 17:31:46,2105.0,ask
931,0.11905193,2014-03-04 17:31:46,2105.0,ask
932,0.012,2014-03-04 17:31:46,2105.0,ask
933,0.02917181,2014-03-04 17:31:46,2105.0,ask
934,1.27220879,2014-03-04 17:31:46,2100.0,ask
935,0.0694,2014-03-04 17:36:25,2160.0,ask
936,0.31455548,2014-03-04 17:38:07,2100.0,ask
937,0.02356345,2014-03-04 17:56:18,2165.0,bid
938,0.009000000000000001,2014-03-04 18:03:05,2170.0,bid
939,0.13,2014-03-04 18:20:06,2100.0,ask
940,0.12476623,2014-03-04 18:34:51,2100.0,ask
941,0.09728409,2014-03-04 18:35:14,2100.0,ask
942,0.00804214,2014-03-04 18:44:34,2100.0,ask
943,0.05314327,2014-03-04 18:45:13,2100.0,ask
944,0.09665341,2014-03-04 18:45:13,2100.0,ask
945,0.11,2014-03-04 18:46:47,2160.0,bid
946,0.02558838,2014-03-04 18:47:49,2100.0,ask
947,0.1478152,2014-03-04 18:47:49,2100.0,ask
948,0.0450661,2014-03-04 18:55:14,2100.0,ask
949,0.0149339,2014-03-04 18:55:14,2100.0,ask
950,0.07166153,2014-03-04 18:59:06,2100.0,ask
951,0.07340457,2014-03-04 19:00:21,2100.0,ask
952,0.062,2014-03-04 19:00:21,2100.0,ask
953,0.05879401,2014-03-04 19:00:21,2100.0,ask
954,0.01436088,2014-03-04 19:06:29,2100.0,ask
955,0.12663912,2014-03-04 19:06:29,2100.0,ask
956,0.05136088,2014-03-04 19:27:51,2100.0,ask
957,0.14063912,2014-03-04 19:27:51,2098.0,ask
958,0.034,2014-03-04 19:28:24,2098.0,ask
959,0.01776488,2014-03-04 19:39:23,2098.0,ask
960,0.06710666,2014-03-04 19:39:23,2098.0,ask
961,0.01990624,2014-03-04 19:53:35,2098.0,ask
962,0.06400924,2014-03-04 20:04:22,2098.0,ask
963,0.05094395,2014-03-04 20:04:22,2096.0,ask
964,0.01304681,2014-03-04 20:04:22,2096.0,ask
965,0.07018437,2014-03-04 20:09:59,2096.0,ask
966,0.09551048,2014-03-04 20:09:59,2095.0,ask
967,0.04248952,2014-03-04 20:11:18,2095.0,ask
968,0.02305104,2014-03-04 20:11:18,2094.99,ask
969,0.03,2014-03-04 20:16:23,2094.99,ask
970,0.00094896,2014-03-04 20:22:39,2094.99,ask
971,0.06105104,2014-03-04 20:22:39,2087.01,ask
972,0.03095253,2014-03-04 20:35:58,2087.01,ask
973,0.10400000000000001,2014-03-04 20:35:58,2087.01,ask
974,0.03704747,2014-03-04 20:35:58,2081.0,ask
975,0.05195253,2014-03-04 20:38:10,2081.0,ask
976,0.049,2014-03-04 20:38:10,2080.0,ask
977,0.06610894,2014-03-04 20:38:10,2080.0,ask
978,0.08789106,2014-03-04 20:39:52,2080.0,ask
979,0.023,2014-03-04 20:39:52,2080.0,ask
980,0.00810894,2014-03-04 20:39:52,2080.0,ask
981,0.0046,2014-03-04 20:46:03,2160.0,bid
982,0.04016284,2014-03-04 20:46:45,2080.0,ask
983,0.07183716,2014-03-04 20:46:45,2080.0,ask
984,0.09816284,2014-03-04 20:48:32,2080.0,ask
985,0.043,2014-03-04 20:48:32,2078.85,ask
986,0.00783716,2014-03-04 20:48:32,2078.0,ask
987,0.09156487,2014-03-04 20:48:44,2078.0,ask
988,0.08390811,2014-03-04 20:58:01,2078.0,ask
989,0.008,2014-03-04 20:58:01,2074.99,ask
990,0.04042068,2014-03-04 20:58:01,2074.0,ask
991,0.02957932,2014-03-04 21:16:32,2074.0,ask
992,0.06142068,2014-03-04 21:16:32,2070.0,ask
993,0.02557932,2014-03-04 21:24:33,2070.0,ask
994,0.01610542,2014-03-04 21:24:33,2068.0,ask
995,0.125,2014-03-04 21:37:19,2068.0,ask
996,0.00484194,2014-03-04 21:41:08,2068.0,ask
997,0.14815806,2014-03-04 21:41:08,2065.0,ask
998,0.01787225,2014-03-04 21:51:14,2065.0,ask
999,0.05312775,2014-03-04 21:51:14,2062.01,ask
1000,0.12707167,2014-03-04 22:04:44,2062.01,ask
48415,0.00513,2014-04-28 20:19:12,1357.9,bid
48416,0.018544,2014-04-28 20:19:12,1359.0,bid
48417,0.09339596,2014-04-28 20:19:12,1366.0,bid
48418,0.0176225,2014-04-28 20:19:13,1366.0,ask
48419,0.05212375,2014-04-28 20:19:14,1366.0,ask
48420,0.0729079,2014-04-28 20:19:19,1369.4,bid
48421,0.1,2014-04-28 20:19:41,1370.9,bid
48422,0.009109200000000001,2014-04-28 20:19:55,1371.0,bid
48423,0.1,2014-04-28 20:20:13,1373.0,bid
48424,0.0609525,2014-04-28 20:20:19,1367.0,ask
48425,0.04092,2014-04-28 20:20:19,1366.1,ask
48426,0.01266925,2014-04-28 20:20:19,1365.0,ask
48427,0.006328,2014-04-28 20:20:19,1362.5,ask
48428,0.03153591,2014-04-28 20:20:21,1360.0,bid
48429,0.033277,2014-04-28 20:20:21,1375.001,bid
48430,0.20447744,2014-04-28 20:20:27,1376.0,bid
48431,0.010668,2014-04-28 20:22:01,1370.0,bid
48432,0.01872,2014-04-28 20:22:01,1374.0,bid
48433,0.02296418,2014-04-28 20:22:01,1376.0,bid
48434,0.03099774,2014-04-28 20:22:01,1377.0,bid
48435,0.02167425,2014-04-28 20:22:13,1367.5,ask
48436,0.03832575,2014-04-28 20:22:32,1367.5,bid
48437,0.02911475,2014-04-28 20:22:55,1370.0,bid
48438,0.02123994,2014-04-28 20:22:55,1371.0,bid
48439,0.017787,2014-04-28 20:25:30,1367.0,ask
48440,0.085004,2014-04-28 20:25:30,1360.0,ask
48441,0.04082,2014-04-28 20:25:30,1359.0,ask
48442,0.01834125,2014-04-28 20:25:30,1357.0,ask
48443,0.01133519,2014-04-28 20:25:30,1356.11,ask
48444,0.034125,2014-04-28 20:26:38,1364.0,ask
48445,0.024024,2014-04-28 20:26:38,1362.0,ask
48446,0.0224115,2014-04-28 20:26:38,1361.1,ask
48447,0.008904,2014-04-28 20:26:38,1360.0,ask
48448,0.017596,2014-04-28 20:26:38,1359.0,ask
48449,0.015931,2014-04-28 20:26:38,1358.0,ask
48450,0.0325185,2014-04-28 20:26:38,1357.0,ask
48451,0.04179564,2014-04-28 20:26:38,1356.11,ask
48452,0.0162425,2014-04-28 20:27:51,1365.9,bid
48453,0.01131725,2014-04-28 20:27:51,1363.0,ask
48454,0.06225,2014-04-28 20:27:51,1360.0,ask
48455,0.06205275,2014-04-28 20:27:51,1358.5,ask
48456,0.03152228,2014-04-28 20:27:51,1357.0,ask
48457,0.07325954,2014-04-28 20:38:18,1365.01,ask
48458,0.04776478,2014-04-28 20:40:53,1365.0,ask
48459,0.014471000000000001,2014-04-28 20:45:23,1360.0,bid
48460,0.0201745,2014-04-28 20:45:23,1361.0,bid
48461,0.0237075,2014-04-28 20:45:23,1363.0,bid
48462,0.016482,2014-04-28 20:45:26,1364.0,bid
48463,0.0435875,2014-04-28 20:45:26,1365.0,bid
48464,1.92674046,2014-04-28 20:45:26,1365.01,bid
48465,0.085004,2014-04-28 20:45:43,1367.0,bid
48466,0.00908325,2014-04-28 20:46:36,1373.9,bid
48467,0.03832575,2014-04-28 20:46:36,1375.0,bid
48468,0.01310675,2014-04-28 20:58:31,1375.1,bid
48469,0.0011970000000000001,2014-04-28 21:06:22,1364.5,ask
48470,0.06,2014-04-28 21:06:36,1364.0,ask
48471,0.35391968,2014-04-28 21:06:36,1363.0,ask
48472,0.068244,2014-04-28 21:06:49,1362.0,ask
48473,0.11674089,2014-04-28 21:06:49,1361.0,ask
48474,0.15346947,2014-04-28 21:07:07,1360.0,ask
48475,0.15900129999999998,2014-04-28 21:07:07,1358.01,ask
48476,0.00507426,2014-04-28 21:22:02,1373.0,bid
48477,0.013763999999999998,2014-04-28 21:26:57,1370.9,ask
48478,0.01467025,2014-04-28 21:27:01,1369.0,ask
48479,0.013974,2014-04-28 21:28:48,1369.0,ask
48480,0.005424,2014-04-28 21:28:51,1368.0,ask
48481,0.0438185,2014-04-28 21:30:35,1363.5,bid
48482,0.017169,2014-04-28 21:30:39,1365.5,bid
48483,0.04929225,2014-04-28 21:42:23,1367.0,bid
48484,0.3973663,2014-04-28 21:44:29,1365.0,ask
48485,0.01461449,2014-04-28 21:44:32,1369.0,bid
48486,0.15900129999999998,2014-04-28 21:44:49,1365.0,ask
48487,0.15164274,2014-04-28 21:46:03,1365.1,ask
48488,0.30244004,2014-04-28 21:46:09,1365.0,ask
48489,0.07,2014-04-28 21:46:14,1363.0,ask
48490,0.02020673,2014-04-28 21:46:21,1360.0,ask
48491,0.20262265,2014-04-28 21:46:28,1357.5,ask
48492,0.02130275,2014-04-28 21:48:12,1364.0,bid
48493,0.05854076,2014-04-28 22:27:06,1369.0,bid
48494,0.03644314,2014-04-28 23:05:17,1372.0,bid
48495,0.00145924,2014-04-28 23:05:36,1369.0,ask
48496,0.11020739,2014-04-28 23:05:36,1369.0,ask
48497,0.03355686,2014-04-28 23:12:50,1371.0,bid
48498,0.10983701,2014-04-28 23:12:50,1372.0,bid
48499,0.1,2014-04-28 23:18:06,1371.5,bid
48500,0.02016299,2014-04-28 23:18:24,1372.0,bid
48501,0.12,2014-04-28 23:18:24,1372.0,bid
48502,0.048,2014-04-28 23:43:32,1369.0,ask
48503,0.07139395,2014-04-28 23:50:03,1372.8,bid
48504,0.01379261,2014-04-28 23:54:29,1369.0,ask
48505,0.00583061,2014-04-28 23:54:41,1369.0,bid
48506,0.02860605,2014-04-28 23:54:41,1372.8,bid
48507,0.052000000000000005,2014-04-28 23:57:59,1373.0,bid
48508,0.05251504,2014-04-29 00:06:53,1367.0,ask
48509,0.0365497,2014-04-29 00:22:37,1368.0001,ask
48510,0.0560275,2014-04-29 00:22:37,1368.0,ask
48511,0.07348496,2014-04-29 00:22:37,1367.0,ask
48512,0.01569725,2014-04-29 00:22:37,1364.0,ask
48513,0.18740603,2014-04-29 00:22:37,1364.0,ask
48514,0.046299,2014-04-29 00:29:05,1365.0,bid
48515,0.091,2014-04-29 00:29:05,1368.0,bid
48516,0.025,2014-04-29 00:38:00,1372.0,bid
48517,0.01143481,2014-04-29 00:39:02,1372.0,bid
48518,0.03046213,2014-04-29 00:41:25,1368.0,ask
48519,0.1248802,2014-04-29 00:41:25,1368.0,ask
48520,0.00475,2014-04-29 01:01:21,1370.0,ask
48521,0.01351075,2014-04-29 01:05:43,1368.5,ask
48522,0.0409915,2014-04-29 01:08:26,1367.9,ask
48523,0.0407,2014-04-29 01:08:45,1367.0,ask
48524,0.03215531,2014-04-29 01:08:45,1367.0,ask
48525,0.02144504,2014-04-29 01:08:45,1366.0,ask
48526,0.006248,2014-04-29 01:21:53,1366.0,ask
48527,0.035568,2014-04-29 01:21:53,1365.0,ask
48528,0.06109,2014-04-29 01:22:23,1364.0,ask
48529,0.0073625,2014-04-29 01:23:29,1365.0,ask
48530,0.018304,2014-04-29 01:23:29,1364.0,ask
48531,0.00782925,2014-04-29 01:24:37,1362.9,ask
48532,0.004901,2014-04-29 01:24:37,1362.9,ask
48533,0.01289925,2014-04-29 01:24:41,1361.0,ask
48534,0.01445375,2014-04-29 01:25:32,1361.0,ask
48535,0.05226,2014-04-29 01:30:46,1366.0,ask
48536,0.033735,2014-04-29 01:31:19,1363.0,ask
48537,0.068,2014-04-29 01:35:59,1360.0,ask
48538,0.062,2014-04-29 01:36:58,1357.0,ask
48539,0.05053,2014-04-29 01:37:11,1358.0,bid
48540,0.0112055,2014-04-29 02:22:35,1360.5,ask
48541,0.009470000000000001,2014-04-29 02:22:35,1358.0,ask
48542,0.013324500000000001,2014-04-29 02:22:35,1357.0,ask
48543,0.0246755,2014-04-29 02:26:06,1357.0,ask
48544,0.049,2014-04-29 03:04:24,1356.0,ask
48545,0.0353245,2014-04-29 03:35:53,1357.0,bid
48546,0.02002,2014-04-29 03:37:00,1363.0,ask
48547,0.014732499999999999,2014-04-29 03:37:00,1362.0,ask
48548,0.01228375,2014-04-29 03:37:54,1359.5,ask
48549,0.06337408,2014-04-29 03:37:54,1357.0,ask
48550,0.013992500000000001,2014-04-29 03:38:39,1359.0,bid
48551,0.02442375,2014-04-29 03:53:07,1365.0,ask
48552,0.00957625,2014-04-29 03:53:07,1363.0,ask
48553,0.06405575,2014-04-29 03:55:01,1363.0,ask
48554,0.037093,2014-04-29 03:55:01,1360.0,ask
48555,0.04666726,2014-04-29 03:55:01,1357.0,ask
48556,0.004814,2014-04-29 04:39:50,1364.0,ask
48557,0.00924,2014-04-29 04:39:50,1362.0,ask
48558,0.01137775,2014-04-29 04:39:50,1359.0,ask
48559,0.029488,2014-04-29 04:39:50,1358.0,ask
48560,0.02709382,2014-04-29 04:39:50,1357.0,ask
48561,0.04912052,2014-04-29 04:39:50,1356.0,ask
48562,0.02886591,2014-04-29 04:39:50,1356.0,ask
48563,0.029264,2014-04-29 05:20:07,1361.5,ask
48564,0.0067065,2014-04-29 05:20:07,1360.0,ask
48565,0.013829499999999998,2014-04-29 05:20:07,1359.1,ask
48566,0.04018369,2014-04-29 05:23:21,1359.1,ask
48567,0.01431,2014-04-29 06:52:54,1365.0,ask
48568,0.021713999999999997,2014-04-29 07:00:35,1363.0,bid
48569,0.0081,2014-04-29 07:00:42,1364.0,bid
48570,0.010291,2014-04-29 07:00:48,1365.0,bid
48571,0.0113355,2014-04-29 07:00:52,1367.0,bid
48572,0.018444,2014-04-29 07:00:58,1369.1,bid
48573,0.004524,2014-04-29 07:01:35,1368.0,bid
48574,0.040349,2014-04-29 07:01:42,1369.1,bid
48575,0.03992,2014-04-29 07:09:12,1365.1,ask
48576,0.008142,2014-04-29 07:09:12,1363.0,ask
48577,0.010706,2014-04-29 07:09:12,1361.0,ask
48578,0.00598681,2014-04-29 07:14:32,1359.1,ask
48579,0.00332025,2014-04-29 07:16:22,1363.0,ask
48580,0.04991,2014-04-29 07:17:28,1367.5,ask
48581,0.02982825,2014-04-29 07:17:56,1363.9,ask
48582,0.00249575,2014-04-29 07:18:41,1368.0,bid
48583,0.008546999999999999,2014-04-29 07:18:44,1365.5,ask
48584,0.18740603,2014-04-29 07:18:53,1369.0,bid
48585,0.30395183,2014-04-29 07:19:00,1370.0,bid
48586,0.020839,2014-04-29 07:19:31,1371.0,ask
48587,0.004164999999999999,2014-04-29 07:19:38,1370.5,ask
48588,0.022311,2014-04-29 07:20:15,1368.5,ask
48589,0.0092435,2014-04-29 07:20:18,1368.0,ask
48590,0.07,2014-04-29 07:22:15,1370.0,ask
48591,0.01577301,2014-04-29 07:22:17,1370.0,ask
48592,0.58422699,2014-04-29 07:23:24,1370.0,ask
48593,0.013803999999999999,2014-04-29 07:24:25,1371.0,ask
48594,0.015576,2014-04-29 07:24:25,1370.0,ask
48595,0.55892024,2014-04-29 07:26:12,1370.0,ask
48596,0.2,2014-04-29 07:26:37,1370.0,ask
48597,0.11107976,2014-04-29 07:28:01,1370.0,ask
48598,0.2,2014-04-29 07:29:04,1370.0,ask
48599,0.4,2014-04-29 08:05:37,1370.0,ask
48600,0.08805758,2014-04-29 08:20:12,1373.0,bid
48601,0.078,2014-04-29 08:20:12,1373.0,bid
48602,0.06605758,2014-04-29 08:32:40,1376.7,bid
48603,0.05003421,2014-04-29 08:33:53,1377.0,bid
48604,0.04872187,2014-04-29 08:44:08,1373.1,ask
48605,0.00124392,2014-04-29 08:44:08,1373.0,ask
48606,0.18,2014-04-29 08:47:46,1371.5,ask
48607,0.93283582,2014-04-29 08:48:09,1371.5,ask
48608,0.003172,2014-04-29 08:59:12,1374.0,bid
48609,0.015366,2014-04-29 08:59:12,1374.9,bid
48610,0.04701376,2014-04-29 08:59:34,1377.9,bid
48611,0.02119225,2014-04-29 09:01:07,1374.0,ask
48612,0.010454999999999999,2014-04-29 09:01:07,1372.9,ask
48613,0.68563474,2014-04-29 09:01:07,1371.5,ask
48614,0.011325,2014-04-29 09:02:24,1363.0,bid
48615,0.029238,2014-04-29 09:02:29,1364.0,bid
48616,0.00296425,2014-04-29 09:02:41,1366.0,bid
48617,0.08,2014-04-29 09:03:23,1359.0,ask
48618,0.2,2014-04-29 09:03:23,1356.21,ask
48619,0.06082968,2014-04-29 09:03:23,1356.1,ask
48620,0.03213409,2014-04-29 09:03:23,1356.0,ask
48621,0.06034467,2014-04-29 09:03:23,1355.88,ask
48622,0.36175618,2014-04-29 09:03:23,1355.2,ask
48623,0.17956941,2014-04-29 09:04:35,1355.0,ask
48624,0.14138885,2014-04-29 09:04:35,1355.0,ask
48625,0.004,2014-04-29 09:04:35,1355.0,ask
48626,0.052000000000000005,2014-04-29 09:04:35,1355.0,ask
48627,0.0078285,2014-04-29 09:04:48,1356.1,bid
48628,0.03757074,2014-04-29 09:06:22,1354.0,ask
48629,0.04859675,2014-04-29 09:06:22,1354.0,ask
48630,0.12447608,2014-04-29 09:08:00,1351.0,ask
48631,0.05,2014-04-29 09:08:00,1351.0,ask
48632,0.94699062,2014-04-29 09:08:00,1351.0,ask
48633,0.05636025,2014-04-29 09:08:12,1355.9,bid
48634,0.011169499999999999,2014-04-29 09:08:54,1357.0,bid
48635,0.012282,2014-04-29 09:09:11,1358.0,bid
48636,0.019418,2014-04-29 09:09:28,1358.0,ask
48637,0.06883049999999999,2014-04-29 09:09:28,1357.0,ask
48638,0.03921225,2014-04-29 09:12:08,1354.0,bid
48639,0.021,2014-04-29 09:12:09,1355.0,bid
48640,0.04743,2014-04-29 09:12:09,1356.0,bid
48641,0.0353205,2014-04-29 09:12:15,1359.0,bid
48642,0.1646795,2014-04-29 09:12:15,1359.0,bid
48643,0.09013294,2014-04-29 09:12:29,1359.0,bid
48644,0.00882,2014-04-29 09:12:50,1360.5,bid
48645,0.0075075,2014-04-29 09:12:57,1361.9,bid
48646,0.052398,2014-04-29 09:13:32,1363.0,bid
48647,0.054747000000000004,2014-04-29 09:20:26,1357.0,bid
48648,0.00396,2014-04-29 09:22:23,1355.0,bid
48649,0.03925025,2014-04-29 09:22:23,1358.0,bid
48650,0.0084875,2014-04-29 09:22:23,1358.9,bid
48651,0.018050999999999998,2014-04-29 09:22:23,1361.1,bid
48652,0.011087999999999999,2014-04-29 09:22:23,1362.0,bid
48653,0.05645875,2014-04-29 09:22:23,1363.1,bid
48654,0.00972125,2014-04-29 09:22:23,1364.0,bid
48655,0.025731,2014-04-29 09:22:23,1365.0,bid
48656,0.03921225,2014-04-29 09:29:19,1366.0,bid
48657,0.038,2014-04-29 09:29:22,1366.0,ask
48658,0.04859675,2014-04-29 09:30:20,1369.0,bid
48659,0.02044313,2014-04-29 09:31:08,1369.61,bid
48660,0.012572499999999999,2014-04-29 09:33:52,1363.9,bid
48661,0.0253075,2014-04-29 09:41:14,1363.0,ask
48662,0.1,2014-04-29 09:45:11,1364.2,bid
48663,0.11459404,2014-04-29 09:48:59,1367.0,bid
48664,0.035,2014-04-29 09:48:59,1369.5,bid
48665,0.05,2014-04-29 09:48:59,1372.0,bid
48666,0.12016299,2014-04-29 09:48:59,1375.0,bid
48667,0.0078285,2014-04-29 09:48:59,1375.0,bid
48668,0.12,2014-04-29 09:48:59,1376.0,bid
48669,0.00170811,2014-04-29 09:48:59,1377.9,bid
48670,0.02775027,2014-04-29 09:48:59,1377.9999,bid
48671,0.03624075,2014-04-29 09:50:35,1370.0,bid
48672,0.047008,2014-04-29 09:50:54,1372.5,bid
48673,0.00451,2014-04-29 09:51:03,1374.0,bid
48674,0.0070245,2014-04-29 09:51:03,1375.0,bid
48675,0.010378499999999999,2014-04-29 09:51:03,1376.9,bid
48676,0.037000000000000005,2014-04-29 09:51:03,1377.0,bid
48677,0.131625,2014-04-29 09:51:03,1377.9999,bid
48678,0.036000000000000004,2014-04-29 09:51:03,1378.0,bid
48679,0.183,2014-04-29 09:51:03,1378.0,bid
48680,0.17202684,2014-04-29 09:51:03,1378.0,bid
48681,0.03248011,2014-04-29 09:51:03,1378.0,bid
48682,0.09147715,2014-04-29 09:51:03,1378.0,bid
48683,0.27462581,2014-04-29 09:51:03,1379.0,bid
48684,0.67236481,2014-04-29 09:51:03,1380.0,bid
48685,0.04069,2014-04-29 09:51:53,1373.0,bid
48686,0.06876525,2014-04-29 09:51:53,1373.5,bid
48687,0.01378625,2014-04-29 09:52:42,1378.0,bid
48688,0.02171975,2014-04-29 09:54:07,1375.9,ask
48689,0.03828025,2014-04-29 09:56:50,1375.9,bid
48690,0.02212875,2014-04-29 09:56:50,1379.1,bid
48691,0.26476277,2014-04-29 09:56:50,1379.9,bid
48692,0.00994375,2014-04-29 09:59:42,1379.0,bid
48693,0.03519525,2014-04-29 10:00:26,1372.0,bid
48694,0.0486365,2014-04-29 10:02:42,1374.0,bid
48695,0.022022,2014-04-29 10:02:42,1375.9,bid
48696,0.035,2014-04-29 10:02:42,1377.0,bid
48697,0.025642500000000002,2014-04-29 10:02:42,1378.0,bid
48698,0.0493625,2014-04-29 10:03:22,1369.5,bid
48699,0.00843625,2014-04-29 10:03:34,1374.0,bid
48700,0.03132283,2014-04-29 10:05:52,1377.0,bid
48701,0.0353065,2014-04-29 10:13:28,1374.9,ask
48702,0.00920375,2014-04-29 10:13:34,1374.0,ask
48703,0.00548975,2014-04-29 10:13:54,1372.0,ask
48704,0.05,2014-04-29 10:16:57,1374.0,ask
48705,0.0195975,2014-04-29 10:17:08,1374.0,ask
48706,0.02370975,2014-04-29 10:29:46,1373.0,ask
48707,0.0376025,2014-04-29 10:32:02,1373.0,ask
48708,0.010362,2014-04-29 10:32:17,1372.1,ask
48709,0.01036119,2014-04-29 10:32:17,1371.0,ask
48710,0.04488981,2014-04-29 10:32:45,1371.0,ask
48711,0.04919532,2014-04-29 10:32:45,1367.0,ask
48712,0.0635,2014-04-29 10:32:45,1365.0,ask
48713,0.04919355,2014-04-29 10:32:45,1364.0,ask
48714,0.06008661,2014-04-29 10:32:45,1360.0,ask
48715,0.09925156,2014-04-29 10:32:45,1356.12,ask
48716,0.0534,2014-04-29 10:33:33,1360.0,ask
48717,0.00074844,2014-04-29 10:33:33,1356.12,ask
48718,0.01140332,2014-04-29 10:33:33,1356.0,ask
48719,0.013528499999999999,2014-04-29 10:34:32,1357.0,bid
48720,0.012062,2014-04-29 10:34:44,1362.0,bid
48721,0.01233425,2014-04-29 10:34:46,1364.9,bid
48722,0.004158,2014-04-29 10:34:51,1367.0,bid
48723,0.038817000000000004,2014-04-29 10:34:54,1368.0,bid
48724,0.00923,2014-04-29 10:34:56,1369.1,bid
48725,1.79126793,2014-04-29 10:35:11,1370.0,bid
48726,0.3649635,2014-04-29 10:35:33,1370.0,bid
48727,0.010528000000000001,2014-04-29 10:36:53,1370.1,bid
48728,0.05096875,2014-04-29 10:40:33,1370.0,ask
48729,0.023219999999999998,2014-04-29 10:40:44,1369.0,ask
48730,0.0255855,2014-04-29 10:43:21,1365.0,ask
48731,0.00361075,2014-04-29 10:43:21,1361.9,ask
48732,0.02798075,2014-04-29 10:43:21,1359.0,ask
48733,0.06383,2014-04-29 10:43:21,1357.0,ask
48734,0.03859668,2014-04-29 10:43:21,1356.0,ask
48735,0.00461075,2014-04-29 10:43:21,1354.0,ask
48736,0.03862104,2014-04-29 10:43:21,1354.0,ask
48737,0.05,2014-04-29 10:43:21,1351.0,ask
48738,0.14058678,2014-04-29 10:43:21,1350.001,ask
48739,0.065,2014-04-29 10:43:21,1350.0,ask
48740,0.01836917,2014-04-29 10:43:21,1350.0,ask
48741,0.05,2014-04-29 10:43:21,1348.0,ask
48742,0.08343366,2014-04-29 10:43:21,1343.0,ask
48743,0.027884500000000003,2014-04-29 10:46:36,1360.5,ask
48744,0.0170375,2014-04-29 10:46:36,1357.0,ask
48745,0.0117135,2014-04-29 10:46:36,1352.9,ask
48746,0.01368125,2014-04-29 10:48:24,1358.0,ask
48747,0.00354525,2014-04-29 10:48:24,1356.5,ask
48748,0.01040725,2014-04-29 10:48:24,1355.0,ask
48749,0.016752,2014-04-29 10:48:24,1354.0,ask
48750,0.020935,2014-04-29 10:48:24,1353.0,ask
48751,0.0114985,2014-04-29 10:48:24,1350.9,ask
48752,0.0045045,2014-04-29 10:48:24,1350.0,ask
48753,0.34,2014-04-29 10:48:24,1349.0,ask
48754,0.37174832,2014-04-29 10:48:24,1342.0,ask
48755,1.25292241,2014-04-29 10:48:24,1341.5,ask
48756,0.058103999999999996,2014-04-29 11:00:56,1356.0,bid
48757,0.003193,2014-04-29 11:00:56,1359.0,bid
48758,0.14058678,2014-04-29 11:00:56,1361.47,bid
48759,0.1,2014-04-29 11:00:56,1362.19,bid
48760,0.017076499999999998,2014-04-29 11:01:23,1366.0,bid
48761,0.18836920000000001,2014-04-29 11:02:05,1362.0,ask
48762,0.0235985,2014-04-29 11:02:24,1365.0,ask
48763,0.0534105,2014-04-29 11:02:52,1363.9,ask
48764,0.16477070000000002,2014-04-29 11:03:00,1365.0,bid
48765,0.00266475,2014-04-29 11:04:40,1368.0,bid
48766,0.01855275,2014-04-29 11:05:24,1366.0,bid
48767,0.030866,2014-04-29 11:05:24,1367.0,bid
48768,0.02613,2014-04-29 11:05:24,1368.1,bid
48769,0.00444675,2014-04-29 11:05:24,1368.5,bid
48770,0.017238,2014-04-29 11:06:28,1366.0,bid
48771,0.032594,2014-04-29 11:06:28,1367.0,bid
48772,0.059829999999999994,2014-04-29 11:06:28,1368.0,bid
48773,0.0471645,2014-04-29 11:07:28,1367.0,bid
48774,0.03147375,2014-04-29 11:07:28,1367.5,bid
48775,0.00485375,2014-04-29 11:07:28,1369.0,bid
48776,0.5,2014-04-29 11:08:34,1370.0,bid
48777,0.01864275,2014-04-29 11:20:15,1369.0,ask
48778,0.03573882,2014-04-29 11:33:31,1367.5,ask
48779,0.10874500000000001,2014-04-29 11:33:32,1370.5,bid
48780,0.12387000000000001,2014-04-29 11:33:32,1371.0,bid
48781,0.08874225,2014-04-29 11:33:32,1371.0,bid
48782,0.12100439999999998,2014-04-29 11:33:32,1373.0,bid
48783,0.0404025,2014-04-29 11:33:32,1374.0,bid
48784,0.010528000000000001,2014-04-29 11:33:32,1374.0,bid
48785,0.5,2014-04-29 11:33:32,1374.9999,bid
48786,0.09761694,2014-04-29 11:33:32,1375.0,bid
48787,0.00615125,2014-04-29 11:35:23,1371.0,ask
48788,0.025938,2014-04-29 11:47:22,1371.0,bid
48789,0.017808,2014-04-29 11:47:26,1372.0,bid
48790,0.043746,2014-04-29 11:48:23,1374.5,bid
48791,0.31,2014-04-29 11:52:08,1375.0,bid
48792,0.001,2014-04-29 11:53:44,1370.0,ask
48793,0.0158335,2014-04-29 11:56:31,1370.0,ask
48794,0.00010001,2014-04-29 11:56:31,1367.5,ask
48795,0.062339,2014-04-29 12:50:07,1372.9,bid
48796,0.01,2014-04-29 12:50:07,1374.7,bid
48797,0.29434161,2014-04-29 12:50:19,1375.0,bid
48798,0.0134,2014-04-29 12:51:30,1374.7,bid
48799,0.00826585,2014-04-29 12:51:30,1375.0,bid
48800,0.18754483,2014-04-29 12:52:40,1371.0,ask
48801,0.0175775,2014-04-29 12:52:49,1370.0,ask
48802,0.51951648,2014-04-29 12:52:54,1368.0001,ask
48803,0.02457814,2014-04-29 12:53:03,1363.0,ask
48804,0.00360483,2014-04-29 12:53:03,1360.0,ask
48805,0.02457814,2014-04-29 12:53:12,1360.0,ask
48806,0.0217845,2014-04-29 12:53:21,1363.0,ask
48807,0.01081558,2014-04-29 12:53:28,1358.0,ask
48808,0.036351999999999995,2014-04-29 12:54:35,1364.9,bid
48809,0.02708475,2014-04-29 12:55:07,1367.0,bid
48810,0.03291525,2014-04-29 12:57:15,1367.0,ask
48811,0.00957375,2014-04-29 12:59:18,1363.0,ask
48812,0.0405,2014-04-29 12:59:18,1360.1,ask
48813,0.03308466,2014-04-29 12:59:18,1360.0,ask
48814,0.06,2014-04-29 13:00:37,1359.98,bid
48815,0.02784159,2014-04-29 13:01:01,1359.98,bid
48816,0.03308466,2014-04-29 13:01:01,1364.0,bid
48817,0.01984586,2014-04-29 13:01:01,1365.9,bid
48818,0.01822789,2014-04-29 13:01:01,1366.0,bid
48819,0.10461061,2014-04-29 13:01:44,1366.0,bid
48820,0.025,2014-04-29 13:02:46,1366.0,bid
48821,0.016161500000000002,2014-04-29 13:04:14,1366.0,bid
48822,0.10316451,2014-04-29 13:06:39,1366.0,ask
48823,0.04883549,2014-04-29 13:06:39,1364.0,ask
48824,0.154,2014-04-29 13:33:15,1366.0,ask
48825,0.055999999999999994,2014-04-29 13:34:02,1368.0001,bid
48826,0.30005963,2014-04-29 13:36:12,1368.0001,bid
48827,0.036351999999999995,2014-04-29 13:36:12,1370.0,bid
48828,0.177,2014-04-29 13:36:12,1370.0,bid
48829,0.12475692,2014-04-29 13:36:12,1370.5,bid
48830,0.18754483,2014-04-29 13:36:12,1372.0,bid
48831,0.06699835,2014-04-29 13:37:48,1372.97,bid
48832,0.00421848,2014-04-29 13:37:52,1372.98,bid
48833,0.019,2014-04-29 13:37:52,1372.98,bid
48834,0.12465088,2014-04-29 13:37:58,1372.99,bid
48835,0.06,2014-04-29 13:38:06,1372.0,ask
48836,0.00545,2014-04-29 13:40:36,1372.0,ask
48837,0.04,2014-04-29 13:47:13,1366.0,ask
48838,0.12040147,2014-04-29 13:47:13,1365.0,ask
48839,0.136,2014-04-29 13:47:13,1365.0,ask
48840,0.02205679,2014-04-29 13:47:38,1364.0,ask
48841,0.006084,2014-04-29 13:48:06,1368.0,bid
48842,0.018818,2014-04-29 13:51:30,1369.9,bid
48843,0.0118535,2014-04-29 13:51:52,1370.5,bid
48844,0.00634912,2014-04-29 13:51:56,1372.99,bid
48845,0.15106469,2014-04-29 13:55:28,1373.0,bid
48846,0.05,2014-04-29 13:55:28,1373.0,bid
48847,0.03702062,2014-04-29 13:55:28,1373.0,bid
48848,0.5,2014-04-29 13:55:28,1374.9999,bid
48849,0.06441897,2014-04-29 13:55:28,1375.0,bid
48850,0.20309883,2014-04-29 13:55:28,1375.0,bid
48851,0.02985575,2014-04-29 13:58:39,1372.0,bid
48852,0.008556,2014-04-29 14:02:40,1374.0,bid
48853,0.024465,2014-04-29 14:03:01,1373.1,ask
48854,0.01931184,2014-04-29 14:03:01,1369.0,ask
48855,0.02022316,2014-04-29 14:03:01,1368.0,ask
48856,0.0094815,2014-04-29 14:03:36,1369.1,bid
48857,0.03369284,2014-04-29 14:07:19,1368.0,ask
48858,0.00610716,2014-04-29 14:07:19,1367.0001,ask
48859,0.02479825,2014-04-29 14:15:27,1372.0,ask
48860,0.01240625,2014-04-29 14:15:27,1370.5,ask
48861,0.015526499999999999,2014-04-29 14:15:27,1370.0,ask
48862,0.04860031,2014-04-29 14:15:27,1366.0,ask
48863,0.0437414,2014-04-29 14:15:27,1365.0,ask
48864,0.16822947,2014-04-29 14:21:58,1365.0,ask
48865,0.022698,2014-04-29 14:31:01,1371.0,ask
48866,0.0118,2014-04-29 14:31:01,1368.0,ask
48867,0.02458329,2014-04-29 14:31:01,1366.0,ask
48868,0.039543,2014-04-29 14:44:51,1368.9,ask
48869,0.00822696,2014-04-29 14:44:51,1366.0,ask
48870,0.00591428,2014-04-29 14:44:51,1365.0001,ask
48871,0.01425375,2014-04-29 14:58:07,1368.0,ask
48872,0.49163255,2014-04-29 15:06:35,1365.0001,ask
48873,0.019,2014-04-29 15:07:18,1368.0,bid
48874,0.1577444,2014-04-29 15:08:11,1365.0,ask
48875,0.10752391,2014-04-29 15:10:20,1364.0,ask
48876,0.028999999999999998,2014-04-29 15:10:20,1364.0,ask
48877,0.023503599999999996,2014-04-29 15:10:20,1364.0,ask
48878,0.05007348,2014-04-29 15:23:57,1361.0,ask
48879,0.134453,2014-04-29 15:24:25,1360.01,ask
48880,0.0064975,2014-04-29 15:35:51,1363.0,bid
48881,0.023500999999999998,2014-04-29 15:35:51,1364.9,bid
48882,0.02674625,2014-04-29 15:35:51,1368.0,bid
48883,0.02525525,2014-04-29 15:37:26,1369.0,ask
48884,0.014195,2014-04-29 15:39:44,1362.5,ask
48885,0.02269388,2014-04-29 15:39:55,1361.0,ask
48886,0.0122475,2014-04-29 15:53:29,1364.0,bid
48887,0.005,2014-04-29 15:55:19,1362.0,ask
48888,0.0211715,2014-04-29 15:56:52,1365.0,bid
48889,0.03463553,2014-04-29 15:58:08,1365.0,ask
48890,0.04419297,2014-04-29 16:08:03,1365.0,ask
48891,0.07476307,2014-04-29 16:08:03,1365.0,ask
48892,0.051,2014-04-29 16:09:34,1364.0,ask
48893,0.040999999999999995,2014-04-29 16:09:34,1361.0,ask
48894,0.1839391,2014-04-29 16:17:59,1369.0,bid
48895,0.09080565,2014-04-29 16:18:50,1369.0,bid
48896,0.05007348,2014-04-29 16:18:50,1369.0,bid
48897,0.04860031,2014-04-29 16:18:55,1371.99,bid
48898,0.0094815,2014-04-29 16:19:10,1372.1,bid
48899,0.04916759,2014-04-29 16:19:17,1374.99,bid
48900,0.00715842,2014-04-29 16:19:30,1375.0,bid
48901,0.0032549999999999996,2014-04-29 16:19:38,1367.0,ask
48902,0.0124355,2014-04-29 16:19:38,1365.9,ask
48903,0.05103175,2014-04-29 16:19:38,1365.0,ask
48904,0.006,2014-04-29 16:19:38,1365.0,ask
48905,0.11127775,2014-04-29 16:19:53,1365.0,bid
48906,0.02,2014-04-29 16:59:24,1366.0,bid
48907,0.001,2014-04-29 17:04:17,1366.0,ask
48908,0.017217700000000002,2014-04-29 17:05:46,1365.0,ask
48909,0.1706395,2014-04-29 17:07:00,1365.0,ask
48910,0.027000000000000003,2014-04-29 17:27:36,1366.0,ask
48911,0.081,2014-04-29 17:32:29,1366.0,ask
48912,0.0803686,2014-04-29 17:39:10,1366.0,ask
48913,0.00483882,2014-04-29 17:39:15,1365.0,ask
48914,0.09710369,2014-04-29 17:39:15,1365.0,ask
48915,0.027000000000000003,2014-04-29 17:53:23,1370.0,bid
48916,0.06902749999999999,2014-04-29 17:53:23,1370.0,bid
48917,0.051,2014-04-29 17:53:38,1365.0,ask
48918,0.05093304,2014-04-29 18:18:30,1365.0,ask
48919,0.04906696,2014-04-29 18:18:47,1362.0,ask
48920,0.035653,2014-04-29 18:36:29,1366.0,ask
48921,0.00693925,2014-04-29 18:36:33,1364.5,ask
48922,0.03106075,2014-04-29 18:39:31,1364.5,bid
48923,0.0023469999999999997,2014-04-29 18:39:31,1366.0,bid
48924,0.09234110000000001,2014-04-29 18:39:31,1370.0,bid
48925,0.06389375,2014-04-29 18:39:31,1371.0,bid
48926,0.010524500000000001,2014-04-29 18:40:41,1367.0,ask
48927,0.18905859,2014-04-29 18:43:07,1365.0,ask
48928,0.046033,2014-04-29 18:57:26,1362.0,ask
48929,0.06411645,2014-04-29 18:57:26,1360.01,ask
48930,0.03748589,2014-04-29 18:57:51,1360.01,ask
48931,0.0142025,2014-04-29 18:59:19,1362.9,ask
48932,0.020776,2014-04-29 18:59:19,1362.1,ask
48933,0.09873076,2014-04-29 18:59:19,1360.01,ask
48934,0.00343749,2014-04-29 18:59:19,1352.0,ask
48935,0.046294,2014-04-29 19:00:20,1354.0,ask
48936,0.062424,2014-04-29 19:00:20,1352.9,ask
48937,0.019282,2014-04-29 19:00:20,1352.0,ask
48938,0.06,2014-04-29 19:00:33,1356.0,bid
48939,0.156,2014-04-29 19:01:06,1352.0,ask
48940,0.01048125,2014-04-29 19:01:14,1356.0,bid
48941,0.02758769,2014-04-29 19:01:16,1352.0,ask
48942,0.0412095,2014-04-29 19:01:24,1357.0,bid
48943,0.034727,2014-04-29 19:01:27,1357.9,bid
48944,0.040999999999999995,2014-04-29 19:01:52,1352.0,ask
48945,0.019363,2014-04-29 19:02:37,1358.1,ask
48946,0.06474377,2014-04-29 19:02:37,1353.0,ask
48947,0.08989323,2014-04-29 19:02:37,1352.0,ask
48948,0.16899999999999998,2014-04-29 19:02:48,1352.0,ask
48949,0.01815375,2014-04-29 19:03:30,1355.0,ask
48950,0.014941,2014-04-29 19:03:30,1354.5,ask
48951,0.12590525,2014-04-29 19:03:30,1352.0,ask
48952,0.0154635,2014-04-29 19:03:31,1356.0,bid
48953,0.105,2014-04-29 19:03:39,1352.0,ask
48954,0.14400000000000002,2014-04-29 19:03:39,1352.0,ask
48955,0.024,2014-04-29 19:03:51,1352.0,ask
48956,0.030444,2014-04-29 19:04:14,1357.0,ask
48957,0.020382499999999998,2014-04-29 19:04:14,1353.5,ask
48958,0.00350666,2014-04-29 19:04:14,1352.0,ask
48959,0.00165675,2014-04-29 19:04:58,1358.0,bid
48960,0.09138768,2014-04-29 19:05:09,1352.0,ask
48961,0.09561232,2014-04-29 19:05:09,1351.0,ask
48962,0.02056275,2014-04-29 19:05:18,1352.5,ask
48963,0.06543725,2014-04-29 19:05:18,1351.0,ask
48964,0.0292175,2014-04-29 19:05:23,1355.0,bid
48965,0.09088591,2014-04-29 19:05:58,1351.0,ask
48966,0.03469191,2014-04-29 19:06:50,1351.0,ask
48967,0.039169499999999996,2014-04-29 19:06:50,1351.0,ask
48968,0.045,2014-04-29 19:06:51,1351.0,ask
48969,0.196,2014-04-29 19:07:31,1351.0,ask
48970,0.11,2014-04-29 19:07:42,1351.0,ask
48971,0.184,2014-04-29 19:08:16,1351.0,ask
48972,0.07400000000000001,2014-04-29 19:08:31,1351.0,ask
48973,0.066,2014-04-29 19:09:17,1351.0,ask
48974,0.05789,2014-04-29 19:09:53,1352.0,bid
48975,0.19,2014-04-29 19:10:05,1351.0,ask
48976,0.0958305,2014-04-29 19:10:40,1351.0,ask
48977,0.01545708,2014-04-29 19:10:40,1350.0001,ask
48978,0.06,2014-04-29 19:11:05,1356.0,bid
48979,0.061,2014-04-29 19:13:43,1351.0,ask
48980,0.039,2014-04-29 19:15:02,1351.0,ask
48981,0.04946448,2014-04-29 19:15:02,1350.0001,ask
48982,0.0096835,2014-04-29 19:15:13,1355.0,ask
48983,0.032725,2014-04-29 19:15:13,1352.0,ask
48984,0.11959149999999999,2014-04-29 19:15:13,1350.0001,ask
48985,0.073,2014-04-29 19:15:39,1350.0001,ask
48986,0.08225262,2014-04-29 19:15:53,1350.0001,ask
48987,0.045305,2014-04-29 19:20:37,1353.0,bid
48988,0.0134355,2014-04-29 19:21:42,1354.0,bid
48989,0.06531525,2014-04-29 19:28:29,1355.1,bid
48990,0.012225,2014-04-29 19:30:38,1355.5,ask
48991,0.0012105,2014-04-29 19:30:45,1353.0,ask
48992,0.01561425,2014-04-29 19:31:19,1357.1,bid
48993,0.07904312,2014-04-29 19:31:31,1358.0001,bid
48994,0.01152,2014-04-29 19:32:32,1355.0,bid
48995,0.037236,2014-04-29 19:32:41,1357.0,bid
48996,0.0592295,2014-04-29 19:35:20,1356.0,bid
48997,0.00511,2014-04-29 19:40:06,1355.0,ask
48998,0.03489,2014-04-29 19:40:06,1354.0,ask
48999,0.030942,2014-04-29 19:41:19,1354.0,ask
49000,0.004152,2014-04-29 19:41:19,1353.0,ask
49001,0.019503,2014-04-29 19:41:19,1352.5,ask
49002,0.02394125,2014-04-29 19:41:19,1351.0,ask
49003,0.16023428,2014-04-29 19:41:19,1350.0001,ask
49004,0.00669741,2014-04-29 19:41:19,1350.0,ask
49005,0.007540000000000001,2014-04-29 19:46:38,1352.5,bid
49006,0.0350235,2014-04-29 20:07:47,1356.0,ask
49007,0.01273,2014-04-29 20:07:59,1355.1,ask
49008,0.01785,2014-04-29 20:08:12,1354.0,ask
49009,0.011387999999999999,2014-04-29 20:08:12,1353.0,ask
49010,0.01144247,2014-04-29 20:08:12,1351.0,ask
49011,0.07431953,2014-04-29 20:08:12,1350.0,ask
49012,0.0186295,2014-04-29 20:17:28,1355.0,ask
49013,0.41898306,2014-04-29 20:41:18,1350.0,ask
49014,0.08091694,2014-04-29 20:41:18,1350.0,ask
49015,0.04423725,2014-04-29 21:03:08,1356.0,ask
49016,0.01958425,2014-04-29 21:35:08,1353.0,bid
49017,0.03312225,2014-04-29 21:35:08,1354.0,bid
49018,0.01898247,2014-04-29 21:35:08,1357.0,bid
49019,0.01958775,2014-04-29 21:51:16,1352.0,bid
49020,0.00592673,2014-04-29 22:10:05,1350.0,ask
49021,0.054000000000000006,2014-04-29 22:10:05,1350.0,ask
49022,0.31182159,2014-04-29 22:10:05,1350.0,ask
49023,1.69135945,2014-04-29 22:11:13,1350.0,ask
49024,0.08129584,2014-04-29 22:11:13,1350.0,ask
49025,0.142,2014-04-29 22:11:13,1350.0,ask
49026,0.35670118,2014-04-29 22:11:50,1355.0,bid
49027,0.07168897,2014-04-29 22:11:50,1356.0,bid
49028,0.024701499999999998,2014-04-29 22:11:50,1356.0,bid
49029,0.05789,2014-04-29 22:11:50,1358.0,bid
49030,0.20264287,2014-04-29 22:11:50,1365.0,bid
49031,0.18905859,2014-04-29 22:11:50,1370.0,bid
49032,0.94491134,2014-04-29 22:11:50,1372.0,bid
49033,0.080025,2014-04-29 22:12:33,1358.9,bid
49034,0.013937999999999999,2014-04-29 22:13:23,1362.0,bid
49035,0.03018703,2014-04-29 22:13:30,1362.0,ask
49036,0.00781297,2014-04-29 22:14:14,1362.0,bid
49037,0.00805125,2014-04-29 22:16:00,1359.9,bid
49038,0.047905,2014-04-29 22:16:10,1361.1,bid
49039,0.0179375,2014-04-29 22:16:20,1363.0,bid
49040,0.06,2014-04-29 22:16:25,1363.0,ask
49041,0.1,2014-04-29 22:19:14,1368.0,bid
49042,0.017343,2014-04-29 22:19:18,1368.0,ask
49043,0.029337000000000002,2014-04-29 22:20:35,1369.5,bid
49044,0.07,2014-04-29 22:21:14,1369.99,bid
49045,0.05,2014-04-29 22:22:17,1370.99,bid
49046,0.02739025,2014-04-29 22:22:25,1370.99,ask
49047,0.41760975,2014-04-29 22:22:45,1370.99,ask
49048,0.04212412,2014-04-29 22:24:20,1370.99,bid
49049,0.00781297,2014-04-29 22:24:57,1371.0,bid
49050,0.029337000000000002,2014-04-29 22:24:57,1371.0,bid
49051,0.1,2014-04-29 22:25:37,1371.0,ask
49052,0.04,2014-04-29 22:26:10,1371.0,ask
49053,0.05,2014-04-29 22:26:24,1371.0,ask
49054,0.13785003,2014-04-29 22:26:41,1371.0,ask
49055,1.38166453,2014-04-29 22:26:41,1370.99,ask
49056,0.012319499999999999,2014-04-29 22:30:47,1359.0,bid
49057,0.0199175,2014-04-29 22:31:23,1362.0,bid
49058,0.0139655,2014-04-29 22:31:28,1362.1,bid
49059,0.031002999999999996,2014-04-29 22:31:35,1363.0,bid
49060,0.039,2014-04-29 22:32:20,1357.0,ask
49061,0.01924675,2014-04-29 22:42:33,1362.0,ask
49062,0.06,2014-04-29 22:49:52,1357.01,ask
49063,0.1,2014-04-29 22:49:52,1353.2,ask
49064,0.016,2014-04-29 22:49:52,1350.0,ask
49065,0.0024705,2014-04-29 22:53:13,1353.0,ask
49066,0.0305,2014-04-29 22:58:19,1352.0,ask
49067,0.084,2014-04-29 22:58:19,1350.0,ask
49068,0.052000000000000005,2014-04-29 22:58:19,1349.0,ask
49069,0.00699176,2014-04-29 22:58:19,1347.0,ask
49070,0.00191448,2014-04-29 23:00:08,1352.0,ask
49071,0.02190225,2014-04-29 23:16:06,1350.0,bid
49072,0.03809775,2014-04-29 23:20:35,1350.0,ask
49073,0.07,2014-04-29 23:20:35,1349.0,ask
49074,0.0136965,2014-04-29 23:21:15,1353.0,ask
49075,0.021012,2014-04-29 23:21:15,1350.0,ask
49076,0.08760069,2014-04-29 23:21:15,1348.0,ask
49077,0.06300824,2014-04-29 23:21:15,1347.0,ask
49078,0.31499043,2014-04-29 23:21:15,1345.0,ask
49079,0.05096655,2014-04-29 23:21:15,1345.0,ask
49080,0.10099999999999999,2014-04-29 23:21:15,1343.0,ask
49081,0.05375293,2014-04-29 23:21:15,1343.0,ask
49082,0.12,2014-04-29 23:21:15,1342.11,ask
49083,0.98662476,2014-04-29 23:21:15,1342.0,ask
49084,0.03759525,2014-04-29 23:22:40,1349.0,bid
49085,0.008081999999999999,2014-04-29 23:22:40,1353.5,bid
49086,0.012013,2014-04-29 23:22:40,1354.5,bid
49087,0.04095575,2014-04-29 23:22:40,1355.0,bid
49088,0.027768,2014-04-29 23:27:18,1352.5,bid
49089,0.031236,2014-04-29 23:28:52,1350.0,ask
49090,0.064911,2014-04-29 23:30:26,1343.5,bid
49091,0.02380375,2014-04-29 23:31:25,1345.0,bid
49092,0.0050165,2014-04-29 23:33:26,1347.0,bid
49093,0.02015348,2014-04-29 23:34:58,1346.0,bid
49094,0.00302352,2014-04-29 23:35:47,1346.0,bid
49095,0.0109175,2014-04-29 23:35:47,1348.0,bid
49096,0.0427315,2014-04-29 23:36:11,1349.0,bid
49097,0.11111111,2014-04-29 23:53:14,1350.0,ask
49098,0.02,2014-04-30 00:15:37,1350.0,ask
49099,0.007109999999999999,2014-04-30 00:16:23,1354.0,bid
49100,0.09289,2014-04-30 00:17:01,1355.11,bid
49101,0.01464489,2014-04-30 00:17:26,1355.11,bid
49102,0.0587428,2014-04-30 00:18:10,1364.5,bid
49103,0.00865,2014-04-30 00:20:06,1359.9,ask
49104,0.012320000000000001,2014-04-30 00:21:26,1357.0,ask
49105,0.0321345,2014-04-30 00:22:24,1354.0,ask
49106,0.012407,2014-04-30 00:22:24,1352.1,ask
49107,0.0454585,2014-04-30 00:22:24,1350.0,ask
49108,0.009355500000000001,2014-04-30 00:26:34,1353.0,ask
49109,0.027541500000000003,2014-04-30 00:40:37,1350.0,ask
49110,0.0106445,2014-04-30 00:42:23,1353.0,bid
49111,0.007679999999999999,2014-04-30 00:42:23,1357.0,bid
49112,0.05135,2014-04-30 00:42:23,1359.9,bid
49113,0.02,2014-04-30 00:42:23,1360.0,bid
49114,0.02,2014-04-30 00:42:23,1361.0,bid
49115,0.01070863,2014-04-30 00:43:02,1362.0,bid
49116,0.00929137,2014-04-30 00:43:23,1362.0,bid
49117,0.02,2014-04-30 00:48:27,1358.0,ask
49118,0.0212952,2014-04-30 00:51:25,1358.0,ask
49119,0.1,2014-04-30 00:51:52,1342.11,ask
49120,0.0041895000000000005,2014-04-30 00:52:14,1344.5,ask
49121,0.1,2014-04-30 00:52:14,1342.1,ask
49122,0.00087661,2014-04-30 00:52:14,1342.0,ask
49123,0.06,2014-04-30 01:06:05,1354.0,bid
49124,0.00223725,2014-04-30 01:10:30,1350.0,ask
49125,0.01612363,2014-04-30 01:12:21,1349.0,ask
49126,0.0017825,2014-04-30 01:18:28,1353.0,ask
49127,0.062092499999999995,2014-04-30 01:18:31,1352.0,ask
49128,0.02252925,2014-04-30 01:19:32,1350.0,ask
49129,0.01359575,2014-04-30 01:21:27,1353.0,ask
49130,0.01690225,2014-04-30 01:23:44,1353.0,ask
49131,0.00368775,2014-04-30 01:26:04,1351.9,ask
49132,0.0112,2014-04-30 01:26:21,1349.0,ask
49133,0.052272000000000006,2014-04-30 01:26:21,1348.5,ask
49134,0.01333275,2014-04-30 01:26:21,1345.0,ask
49135,0.03555243,2014-04-30 01:26:21,1342.0,ask
49136,0.006851,2014-04-30 01:28:22,1345.0,bid
49137,0.04022625,2014-04-30 01:44:10,1347.0,bid
49138,0.011092,2014-04-30 01:44:10,1348.0,bid
49139,0.01617975,2014-04-30 01:44:10,1349.0,bid
49140,0.006851,2014-04-30 01:44:10,1349.95,bid
49141,0.03660202,2014-04-30 01:44:10,1350.0,bid
49142,0.038,2014-04-30 01:47:33,1350.0,bid
49143,0.048372000000000005,2014-04-30 02:17:06,1345.0,bid
49144,0.011628,2014-04-30 03:36:34,1345.0,ask
49145,0.183372,2014-04-30 03:36:34,1342.0,ask
49146,0.163,2014-04-30 03:38:06,1342.0,ask
49147,0.011583,2014-04-30 04:17:07,1344.0,ask
49148,0.018972,2014-04-30 04:17:28,1346.0,ask
49149,0.022413,2014-04-30 04:18:43,1344.0,ask
49150,0.94863146,2014-04-30 04:18:53,1342.0,ask
49151,0.00191779,2014-04-30 04:40:29,1350.0,bid
49152,0.03608221,2014-04-30 04:40:29,1350.0,bid
49153,0.043512,2014-04-30 04:51:40,1345.9,bid
49154,0.03166625,2014-04-30 04:51:40,1346.9,bid
49155,0.02491779,2014-04-30 04:59:23,1350.0,bid
49156,0.014535,2014-04-30 05:00:32,1352.1,ask
49157,0.045465,2014-04-30 05:11:50,1352.1,bid
49158,0.013628999999999999,2014-04-30 05:16:12,1350.1,bid
49159,0.00896875,2014-04-30 05:43:23,1343.1,bid
49160,0.010094,2014-04-30 05:43:40,1349.1,bid
49161,0.05486425,2014-04-30 05:43:45,1351.0,bid
49162,0.021609,2014-04-30 05:45:25,1348.0,bid
49163,0.011729999999999999,2014-04-30 05:45:25,1350.5,bid
49164,0.018407,2014-04-30 05:46:50,1349.0,bid
49165,0.008189,2014-04-30 05:47:50,1350.0,bid
49166,0.0045425,2014-04-30 05:47:50,1350.5,bid
49167,0.019703000000000002,2014-04-30 05:47:50,1352.5,bid
49168,0.02239325,2014-04-30 05:47:50,1352.5,bid
49169,0.00309775,2014-04-30 05:47:50,1353.0,bid
49170,0.0061432,2014-04-30 05:47:50,1364.5,bid
49171,0.011932,2014-04-30 05:48:23,1359.5,bid
49172,0.0091035,2014-04-30 05:48:23,1367.0,bid
49173,0.010508,2014-04-30 05:48:23,1367.9,bid
49174,0.02172,2014-04-30 05:48:54,1369.0,bid
49175,0.03564225,2014-04-30 05:49:53,1366.9,ask
49176,0.060052999999999995,2014-04-30 05:49:53,1365.5,ask
49177,0.013285499999999999,2014-04-30 05:50:08,1361.0,ask
49178,0.013736000000000002,2014-04-30 05:50:08,1358.5,ask
49179,0.05169875,2014-04-30 05:50:08,1357.0,ask
49180,0.07497000000000001,2014-04-30 05:50:20,1356.5,ask
49181,0.0467145,2014-04-30 05:50:35,1361.0,bid
49182,0.011445,2014-04-30 05:51:35,1366.0,bid
49183,0.00890275,2014-04-30 05:51:35,1368.9,bid
49184,0.00321275,2014-04-30 05:52:18,1363.0,ask
49185,0.0214965,2014-04-30 05:52:23,1362.0,ask
49186,0.01804,2014-04-30 05:54:12,1361.0,ask
49187,0.02242,2014-04-30 05:56:12,1361.0,bid
49188,0.007965,2014-04-30 05:57:07,1362.0,bid
49189,0.035256,2014-04-30 07:40:19,1368.5,ask
49190,0.030118000000000002,2014-04-30 07:40:19,1367.0,ask
49191,0.0271545,2014-04-30 07:40:19,1365.0,ask
49192,0.02373575,2014-04-30 07:40:19,1364.0,ask
49193,0.052035000000000005,2014-04-30 07:40:19,1362.0,ask
49194,0.83150075,2014-04-30 07:40:19,1360.0,ask
49195,0.023632,2014-04-30 07:42:06,1363.1,ask
49196,0.1498,2014-04-30 07:53:04,1360.0,ask
49197,0.036368,2014-04-30 07:55:36,1363.1,bid
49198,0.048824,2014-04-30 07:58:21,1365.1,ask
49199,0.0360555,2014-04-30 07:58:21,1364.0,ask
49200,0.40779275,2014-04-30 07:58:21,1360.0,ask
49201,0.15595479999999998,2014-04-30 07:58:21,1350.0,ask
49202,0.19185946,2014-04-30 07:58:21,1350.0,ask
49203,0.02,2014-04-30 07:58:21,1350.0,ask
49204,0.05357869999999999,2014-04-30 07:58:21,1341.0,ask
49205,0.02462618,2014-04-30 07:58:21,1340.0,ask
49206,0.10200861,2014-04-30 07:58:21,1340.0,ask
49207,0.029312,2014-04-30 08:00:32,1354.0,bid
49208,0.01850625,2014-04-30 08:02:05,1355.0,bid
49209,0.02312125,2014-04-30 08:15:56,1364.0,ask
49210,0.018375,2014-04-30 08:15:56,1363.0,ask
49211,0.0323,2014-04-30 08:15:56,1361.9,ask
49212,0.03175175,2014-04-30 08:15:56,1361.0,ask
49213,0.053337,2014-04-30 08:15:56,1358.5,ask
49214,0.009425,2014-04-30 08:15:56,1355.5,ask
49215,0.030688,2014-04-30 08:15:56,1354.0,ask
49216,0.1,2014-04-30 08:15:56,1354.0,ask
49217,0.12300000000000001,2014-04-30 08:15:56,1340.011,ask
49218,0.03548595,2014-04-30 08:17:33,1355.0,bid
49219,0.00891405,2014-04-30 08:18:54,1355.0,bid
49220,0.0429755,2014-04-30 08:19:09,1357.0,bid
49221,0.01472325,2014-04-30 08:19:12,1357.0,ask
49222,0.00230125,2014-04-30 08:19:19,1357.0,ask
49223,0.01472325,2014-04-30 08:19:19,1352.9,ask
49224,0.029584,2014-04-30 08:20:26,1356.5,bid
49225,0.04307475,2014-04-30 08:20:26,1356.9,bid
49226,0.0138425,2014-04-30 08:20:26,1358.0,bid
49227,0.028116000000000002,2014-04-30 08:20:26,1358.9,bid
49228,0.00818125,2014-04-30 08:21:13,1354.9,ask
49229,0.0151755,2014-04-30 08:21:13,1354.0,ask
49230,0.02420275,2014-04-30 08:21:13,1353.0,ask
49231,0.003885,2014-04-30 08:21:13,1351.9,ask
49232,0.02478925,2014-04-30 08:21:13,1351.0,ask
49233,0.0693825,2014-04-30 08:22:20,1353.0,bid
49234,0.057658,2014-04-30 08:22:20,1354.0,bid
49235,0.0019,2014-04-30 08:22:20,1357.0,bid
49236,0.011682,2014-04-30 08:22:20,1358.0,bid
49237,0.0119925,2014-04-30 08:22:20,1360.0,bid
49238,0.0044954999999999995,2014-04-30 08:23:28,1358.0,bid
49239,0.01895075,2014-04-30 08:23:28,1361.9,bid
49240,0.04841,2014-04-30 08:23:28,1363.5,bid
49241,0.02168714,2014-04-30 08:23:37,1364.0,bid
49242,0.01379881,2014-04-30 08:24:02,1364.0,bid
49243,0.0464195,2014-04-30 08:24:02,1365.0,bid
49244,0.0493215,2014-04-30 08:24:02,1365.5,bid
49245,0.036368,2014-04-30 08:24:02,1369.0,bid
49246,0.2,2014-04-30 08:24:02,1370.0,bid
49247,0.07,2014-04-30 08:24:02,1371.0,bid
49248,0.10663981,2014-04-30 08:24:02,1371.9998,bid
49249,0.001,2014-04-30 08:24:23,1363.5,ask
49250,0.00197547,2014-04-30 08:24:31,1366.0,bid
49251,0.002304,2014-04-30 08:39:59,1366.0,bid
49252,0.06,2014-04-30 08:40:08,1366.0,ask
49253,0.65,2014-04-30 08:40:26,1366.0,ask
49254,0.03278352,2014-04-30 08:40:28,1366.0,ask
49255,0.0122075,2014-04-30 08:41:25,1361.5,ask
49256,0.055942,2014-04-30 08:41:25,1361.0,ask
49257,0.015228499999999999,2014-04-30 08:42:09,1360.0,ask
49258,0.014819999999999998,2014-04-30 08:43:17,1359.0,ask
49259,0.04518,2014-04-30 08:45:35,1359.0,bid
49260,0.001,2014-04-30 08:46:15,1361.0,ask
49261,0.021716,2014-04-30 08:52:32,1357.5,ask
49262,0.01943725,2014-04-30 08:54:17,1354.0,ask
49263,0.012915000000000001,2014-04-30 08:55:14,1355.0,ask
49264,0.012059499999999999,2014-04-30 08:55:14,1353.0,ask
49265,0.012915000000000001,2014-04-30 08:55:33,1353.0,ask
49266,0.04836,2014-04-30 08:55:33,1352.0,ask
49267,0.07267996,2014-04-30 08:55:33,1351.0,ask
49268,0.013047999999999999,2014-04-30 08:56:24,1351.9,ask
49269,0.03646464,2014-04-30 08:56:31,1344.0,ask
49270,0.01936575,2014-04-30 08:57:29,1354.0,ask
49271,0.026733,2014-04-30 08:57:36,1353.5,ask
49272,0.00860673,2014-04-30 08:58:19,1351.0,ask
49273,0.00786627,2014-04-30 08:58:25,1351.0,ask
49274,0.0645525,2014-04-30 08:58:25,1350.0,ask
49275,0.00860673,2014-04-30 08:59:06,1350.0,bid
49276,0.05139327,2014-04-30 08:59:13,1350.0,ask
49277,0.007011,2014-04-30 09:00:34,1350.0,ask
49278,0.023892,2014-04-30 09:01:25,1352.0,ask
49279,0.0030385,2014-04-30 09:01:25,1351.0,ask
49280,0.0162375,2014-04-30 09:01:25,1350.0,ask
49281,0.00222025,2014-04-30 09:02:09,1345.0,ask
49282,0.038,2014-04-30 09:02:14,1345.0,bid
49283,0.01977975,2014-04-30 09:02:17,1345.0,bid
49284,0.00873885,2014-04-30 09:03:29,1350.0,ask
49285,0.01346115,2014-04-30 09:04:35,1350.0,ask
49286,0.020398,2014-04-30 09:04:35,1349.0,ask
49287,0.00812125,2014-04-30 09:04:57,1351.0,bid
49288,0.070493,2014-04-30 09:05:22,1348.5,ask
49289,0.00859675,2014-04-30 09:05:28,1347.0,ask
49290,0.058068499999999995,2014-04-30 09:05:33,1350.9,bid
49291,0.0344575,2014-04-30 09:05:33,1353.0,bid
49292,0.007755,2014-04-30 09:32:07,1357.0,ask
49293,0.0365295,2014-04-30 09:32:07,1356.0,ask
49294,0.004495,2014-04-30 09:32:07,1355.0,ask
49295,0.021593,2014-04-30 09:32:07,1352.0,ask
49296,0.03077175,2014-04-30 09:32:33,1358.0,ask
49297,0.00535575,2014-04-30 09:32:33,1357.0,ask
49298,0.02746725,2014-04-30 09:32:33,1356.0,ask
49299,0.04292925,2014-04-30 09:32:33,1354.5,ask
49300,0.03026875,2014-04-30 09:32:33,1354.0,ask
49301,0.01865625,2014-04-30 09:33:27,1351.0,ask
49302,0.010115,2014-04-30 09:36:32,1349.0,ask
49303,0.01822025,2014-04-30 09:45:55,1345.0,ask
49304,0.0419265,2014-04-30 09:46:36,1346.0,ask
49305,0.0050055,2014-04-30 09:46:36,1345.0,ask
49306,0.17718013,2014-04-30 09:49:35,1341.1,ask
49307,0.07156599999999999,2014-04-30 09:49:41,1341.0,ask
49308,0.19566546,2014-04-30 09:49:46,1340.6,ask
49309,0.07254732,2014-04-30 09:49:50,1340.01,ask
49310,0.02013651,2014-04-30 09:49:54,1340.0,ask
49311,0.024,2014-04-30 09:49:54,1340.0,ask
49312,0.08199999999999999,2014-04-30 09:49:54,1340.0,ask
49313,0.1019921,2014-04-30 09:49:54,1340.0,ask
49314,0.14075747,2014-04-30 09:50:47,1340.0,ask
49315,0.17069089999999998,2014-04-30 10:01:43,1340.01,ask
49316,0.428335,2014-04-30 10:19:27,1340.01,ask
49317,0.03,2014-04-30 10:31:14,1345.0,bid
49318,0.00484775,2014-04-30 10:44:32,1345.0,bid
49319,0.027885000000000004,2014-04-30 10:44:32,1349.0,bid
49320,0.038,2014-04-30 10:44:32,1349.0,bid
49321,0.00632412,2014-04-30 10:44:32,1349.35,bid
49322,0.05,2014-04-30 11:24:25,1353.6,bid
49323,0.05,2014-04-30 11:24:25,1354.01,bid
49324,0.0957,2014-04-30 11:24:25,1354.9,bid
49325,0.0043,2014-04-30 11:24:25,1354.9,bid
49326,0.03621532,2014-04-30 11:24:25,1355.0,bid
49327,0.0662232,2014-04-30 11:24:25,1358.12,bid
49328,0.24763000000000002,2014-04-30 11:24:25,1359.9999,bid
49329,0.19258207,2014-04-30 11:24:25,1360.0,bid
49330,0.07156599999999999,2014-04-30 11:24:25,1365.0,bid
49331,0.88688007,2014-04-30 11:24:25,1370.0,bid
49332,0.05357869999999999,2014-04-30 11:24:25,1371.0,bid
49333,0.1,2014-04-30 11:24:25,1371.0,bid
49334,0.00208705,2014-04-30 11:24:25,1371.9998,bid
49335,1.98983759,2014-04-30 11:24:25,1374.9999,bid
49336,0.03797925,2014-04-30 11:28:15,1367.0,bid
49337,0.032538,2014-04-30 11:28:15,1368.0,bid
49338,0.006478,2014-04-30 11:28:15,1368.9,bid
49339,0.00707,2014-04-30 11:28:15,1371.0,bid
49340,0.010945,2014-04-30 11:28:15,1372.0,bid
49341,0.36284559,2014-04-30 11:28:15,1374.0,bid
49342,0.06585816,2014-04-30 11:28:15,1374.9999,bid
49343,0.02166585,2014-04-30 11:29:32,1367.0,ask
49344,0.02002,2014-04-30 11:29:43,1373.0,bid
49345,0.042616900000000006,2014-04-30 11:29:43,1374.9999,bid
49346,0.01550775,2014-04-30 11:33:08,1361.5,bid
49347,0.0057729999999999995,2014-04-30 11:33:18,1360.0,ask
49348,0.10800000000000001,2014-04-30 11:33:18,1360.0,ask
49349,0.14279671,2014-04-30 11:34:53,1360.0,ask
49350,0.36682352,2014-04-30 11:36:42,1359.1,ask
49351,0.146,2014-04-30 11:36:52,1359.1,bid
49352,0.02096192,2014-04-30 11:36:57,1359.0,ask
49353,0.16336766,2014-04-30 11:36:57,1359.0,ask
49354,0.11900000000000001,2014-04-30 11:36:57,1359.0,ask
49355,0.49835206,2014-04-30 11:37:21,1358.0,ask
49356,0.01550775,2014-04-30 11:37:42,1362.0,bid
49357,0.02624163,2014-04-30 11:50:34,1362.96,bid
49358,0.16757657,2014-04-30 11:51:25,1362.0,ask
49359,0.02672498,2014-04-30 11:51:25,1362.0,ask
49360,0.055999999999999994,2014-04-30 11:53:09,1360.0,ask
49361,0.1097152,2014-04-30 11:53:39,1360.0,bid
49362,0.02635177,2014-04-30 11:56:27,1360.0,bid
49363,0.1097152,2014-04-30 11:56:27,1361.9999,bid
49364,0.02293303,2014-04-30 11:56:27,1362.0,bid
49365,0.10280906,2014-04-30 11:56:43,1362.0,bid
49366,0.05052165,2014-04-30 11:58:32,1362.0,bid
49367,0.14399751,2014-04-30 11:59:30,1362.96,bid
49368,0.07864735,2014-04-30 11:59:30,1364.0,bid
49369,0.19185946,2014-04-30 11:59:30,1365.0,bid
49370,0.19204236,2014-04-30 12:06:35,1363.7,ask
49371,0.00029899,2014-04-30 12:06:35,1363.5,ask
49372,0.048589999999999994,2014-04-30 12:06:51,1365.0,bid
49373,0.0209085,2014-04-30 12:07:01,1366.5,bid
49374,0.00638975,2014-04-30 12:07:07,1368.0,bid
49375,0.03,2014-04-30 12:07:07,1368.5,bid
49376,0.06235625,2014-04-30 12:10:42,1365.0,ask
49377,0.02603823,2014-04-30 12:10:42,1364.0,ask
49378,0.00547676,2014-04-30 12:10:42,1363.5,ask
49379,0.02112876,2014-04-30 12:10:42,1363.0,ask
49380,0.04456575,2014-04-30 12:12:39,1367.0,ask
49381,0.00694875,2014-04-30 12:12:42,1365.0,ask
49382,0.06777225,2014-04-30 12:12:45,1364.5,ask
49383,0.009805,2014-04-30 12:13:17,1369.0,ask
49384,0.007536,2014-04-30 12:13:17,1368.0,ask
49385,0.0210585,2014-04-30 12:13:17,1366.0,ask
49386,0.0160425,2014-04-30 12:13:17,1364.0,ask
49387,0.09420918,2014-04-30 12:13:17,1363.0,ask
49388,0.36175618,2014-04-30 12:20:01,1369.9999,bid
49389,0.0574105,2014-04-30 12:22:39,1368.0,ask
49390,0.02285125,2014-04-30 12:22:39,1364.0,ask
49391,0.00073825,2014-04-30 12:22:39,1364.0,ask
49392,0.027999999999999997,2014-04-30 12:23:06,1364.0,ask
49393,0.04954175,2014-04-30 12:25:03,1364.0,ask
49394,0.0101211,2014-04-30 12:25:28,1365.0,bid
49395,0.28506745,2014-04-30 12:26:06,1364.0,ask
49396,0.71493255,2014-04-30 12:26:06,1363.0,ask
49397,0.11900000000000001,2014-04-30 12:26:21,1363.0,ask
49398,0.141,2014-04-30 12:27:56,1363.0,ask
49399,0.14730281,2014-04-30 12:37:58,1364.0,bid
49400,0.06263690000000001,2014-04-30 12:40:19,1363.0,ask
49401,0.34709261,2014-04-30 12:40:49,1363.0,ask
49402,0.03052409,2014-04-30 12:40:49,1363.0,ask
49403,0.099,2014-04-30 12:40:49,1363.0,ask
49404,0.15855738,2014-04-30 12:40:49,1363.0,ask
49405,0.04868003,2014-04-30 12:40:49,1362.0,ask
49406,1.14084155,2014-04-30 12:40:49,1362.0,ask
49407,1.49705649,2014-04-30 12:41:01,1362.0,ask
49408,0.008,2014-04-30 12:44:55,1362.0,ask
49409,0.10400000000000001,2014-04-30 13:02:13,1363.0,bid
49410,0.051357299999999995,2014-04-30 13:03:06,1363.0,bid
49411,0.0056427,2014-04-30 13:09:34,1363.0,bid
49412,0.05169719,2014-04-30 13:11:39,1364.0,bid
49413,0.08330281,2014-04-30 13:11:39,1365.0,bid
49414,0.0313573,2014-04-30 13:34:27,1363.0,ask
187114,0.0135145,2014-09-23 19:39:16,1312.0,ask
187115,0.6165,2014-09-23 19:40:46,1313.9999,bid
187116,1.0,2014-09-23 19:40:46,1314.0,bid
187117,0.19283498,2014-09-23 19:40:46,1315.0,bid
187118,0.5758,2014-09-23 19:41:08,1314.9999,bid
187119,0.1852093,2014-09-23 19:41:15,1314.9999,bid
187120,0.011032,2014-09-23 19:41:19,1312.1,ask
187121,0.011752,2014-09-23 19:41:30,1311.0,ask
187122,0.017422,2014-09-23 19:41:30,1310.5,ask
187123,0.00795,2014-09-23 19:41:30,1309.0,ask
187124,0.5894,2014-09-23 19:44:51,1311.9999,bid
187125,1.06306847,2014-09-23 19:44:51,1312.0,bid
187126,0.02522936,2014-09-23 19:45:59,1308.0,bid
187127,0.00029164,2014-09-23 19:46:48,1308.0,bid
187128,0.030239999999999996,2014-09-23 19:46:48,1309.5,bid
187129,0.0061105,2014-09-23 19:47:03,1310.9,bid
187130,0.40454159,2014-09-23 19:47:07,1312.0,bid
187131,0.52135794,2014-09-23 19:47:14,1312.0,bid
187132,0.08185485,2014-09-23 19:47:20,1314.9999,bid
187133,0.50694515,2014-09-23 19:47:28,1314.9999,bid
187134,0.24028778,2014-09-23 19:47:33,1314.9999,ask
187135,0.36081222,2014-09-23 19:48:08,1314.9999,bid
187136,0.11493157,2014-09-23 19:48:13,1314.9999,ask
187137,0.5709,2014-09-23 19:48:50,1313.9999,bid
187138,0.00599556,2014-09-23 19:48:50,1314.0,bid
187139,0.5849,2014-09-23 19:48:59,1313.9999,bid
187140,2.41136998,2014-09-23 19:48:59,1314.0,bid
187141,0.016028999999999998,2014-09-23 19:49:43,1308.0,bid
187142,0.016575,2014-09-23 19:49:43,1309.0,bid
187143,0.0143055,2014-09-23 19:49:43,1312.0,bid
187144,0.39038712,2014-09-23 19:49:43,1313.9999,bid
187145,0.324,2014-09-23 19:49:55,1313.9999,bid
187146,0.68615245,2014-09-23 19:49:55,1314.0,bid
187147,0.00702321,2014-09-23 19:50:26,1314.0,bid
187148,0.80716502,2014-09-23 19:50:26,1315.0,bid
187149,0.21215126,2014-09-23 19:50:26,1316.0,bid
187150,0.75987842,2014-09-23 19:50:33,1316.0,bid
187151,0.22780773,2014-09-23 19:50:59,1316.9,bid
187152,0.1625,2014-09-23 19:50:59,1317.9999,bid
187153,0.56265278,2014-09-23 19:50:59,1318.0,bid
187154,0.07694858,2014-09-23 19:50:59,1318.98,bid
187155,0.0815,2014-09-23 19:51:24,1318.9799,bid
187156,2.87672377,2014-09-23 19:51:24,1318.98,bid
187157,0.0409,2014-09-23 19:57:21,1318.9799,bid
187158,1.02052626,2014-09-23 19:57:21,1318.98,bid
187159,0.0205,2014-09-23 19:57:34,1318.9799,bid
187160,0.3295,2014-09-23 19:57:34,1318.98,bid
187161,0.0103,2014-09-23 19:58:36,1318.9799,bid
187162,1.20275858,2014-09-23 19:58:36,1318.98,bid
187163,4.89588208,2014-09-23 19:58:46,1318.98,bid
187164,2.56212068,2014-09-23 19:58:46,1320.0,bid
187165,0.53030303,2014-09-23 19:59:00,1320.0,bid
187166,1.05775725,2014-09-23 19:59:16,1320.0,bid
187167,0.08362455,2014-09-23 19:59:16,1325.0,bid
187168,0.32983321,2014-09-23 19:59:16,1327.0,bid
187169,0.02878497,2014-09-23 19:59:16,1328.99,bid
187170,0.10872745,2014-09-23 19:59:22,1328.99,bid
187171,0.08693365,2014-09-23 19:59:22,1328.9999,bid
187172,0.015207499999999999,2014-09-23 19:59:22,1330.0,bid
187173,0.28629073,2014-09-23 19:59:22,1330.0,bid
187174,0.011964,2014-09-23 19:59:22,1330.0,bid
187175,0.15015016,2014-09-23 19:59:22,1331.9999,bid
187176,0.15003752,2014-09-23 19:59:22,1332.9999,bid
187177,0.00647879,2014-09-23 19:59:22,1332.9999,bid
187178,0.21005253,2014-09-23 20:00:16,1332.8,bid
187179,0.01073,2014-09-23 20:01:45,1322.0,bid
187180,0.010556999999999999,2014-09-23 20:02:17,1323.0,bid
187181,0.01157,2014-09-23 20:02:17,1324.0,bid
187182,0.011592,2014-09-23 20:02:17,1328.1,bid
187183,0.029044,2014-09-23 20:02:17,1330.0,bid
187184,0.017981999999999998,2014-09-23 20:02:17,1331.1,bid
187185,0.014363999999999998,2014-09-23 20:02:17,1331.5,bid
187186,0.3,2014-09-23 20:02:17,1332.7998,bid
187187,0.28600000000000003,2014-09-23 20:02:17,1332.7999,bid
187188,0.31515755,2014-09-23 20:02:17,1332.8,bid
187189,0.195,2014-09-23 20:02:17,1332.8001,bid
187190,0.15003752,2014-09-23 20:02:17,1332.9999,bid
187191,0.15003752,2014-09-23 20:02:17,1332.9999,bid
187192,0.15003752,2014-09-23 20:02:17,1332.9999,bid
187193,0.15003752,2014-09-23 20:02:17,1332.9999,bid
187194,0.15003752,2014-09-23 20:02:17,1332.9999,bid
187195,0.15003752,2014-09-23 20:02:17,1332.9999,bid
187196,0.15003752,2014-09-23 20:02:17,1332.9999,bid
187197,0.15003752,2014-09-23 20:02:17,1332.9999,bid
187198,0.3330833,2014-09-23 20:02:17,1332.9999,bid
187199,0.32633161,2014-09-23 20:02:17,1332.9999,bid
187200,0.48762194,2014-09-23 20:02:17,1332.9999,bid
187201,0.21355616,2014-09-23 20:02:17,1332.9999,bid
187202,0.22516159,2014-09-23 20:02:54,1332.9999,bid
187203,0.025513499999999998,2014-09-23 20:03:55,1330.0,ask
187204,0.015522,2014-09-23 20:06:00,1331.0,bid
187205,0.0103,2014-09-23 20:06:02,1331.0,ask
187206,0.037597000000000005,2014-09-23 20:06:50,1332.0,bid
187207,0.158,2014-09-23 20:06:50,1332.9997,bid
187208,0.1706,2014-09-23 20:06:50,1332.9998,bid
187209,0.14355873,2014-09-23 20:06:50,1332.9999,bid
187210,0.16153764,2014-09-23 20:06:50,1332.9999,bid
187211,0.07491345,2014-09-23 20:06:50,1332.9999,bid
187212,1.48087771,2014-09-23 20:06:51,1333.3333,bid
187213,8.46073373,2014-09-23 20:07:01,1333.3333,bid
187214,0.05838856,2014-09-23 20:07:05,1333.3333,bid
187215,0.5985,2014-09-23 20:07:09,1339.0,bid
187216,0.14963952,2014-09-23 20:07:09,1339.999,bid
187217,0.39368432,2014-09-23 20:07:09,1340.0,bid
187218,0.0129415,2014-09-23 20:07:16,1338.0,bid
187219,0.35772179,2014-09-23 20:07:16,1340.0,bid
187220,1.28003768,2014-09-23 20:07:16,1342.95,bid
187221,0.3062,2014-09-23 20:07:37,1344.0,bid
187222,0.09734523,2014-09-23 20:07:37,1345.0,bid
187223,0.01661979,2014-09-23 20:07:37,1346.0,bid
187224,0.09699999999999999,2014-09-23 20:07:37,1346.77,bid
187225,0.6821149000000001,2014-09-23 20:07:37,1346.9999,bid
187226,0.07508455,2014-09-23 20:07:37,1346.9999,bid
187227,0.14847811,2014-09-23 20:07:58,1346.9999,bid
187228,0.59391244,2014-09-23 20:07:58,1346.9999,bid
187229,0.07339356,2014-09-23 20:07:58,1346.9999,bid
187230,1.28231411,2014-09-23 20:07:58,1347.0,bid
187231,0.11683117,2014-09-23 20:07:58,1347.0,bid
187232,2.71856073,2014-09-23 20:07:58,1347.0,bid
187233,0.013965,2014-09-23 20:09:00,1340.5,bid
187234,0.015191999999999999,2014-09-23 20:09:00,1344.0,bid
187235,0.0244305,2014-09-23 20:09:00,1346.0,bid
187236,0.0139,2014-09-23 20:09:00,1348.0,bid
187237,0.00685093,2014-09-23 20:09:00,1348.9,bid
