tid,amount,date,price,type
1558306,0.00484319,2017-12-05 18:08:09,41294.9999,bid
1558307,0.03515681,2017-12-05 18:10:35,41294.9999,bid
1558308,0.27152098,2017-12-05 18:10:35,41299.0,bid
1558309,0.015,2017-12-05 18:13:16,41280.0,ask
1558310,0.09699210000000001,2017-12-05 18:14:28,41299.0,bid
1558311,0.05,2017-12-05 18:14:28,41397.5,bid
1558312,0.1,2017-12-05 18:14:28,41423.0,bid
1558313,0.02418908,2017-12-05 18:14:28,41423.6447,bid
1558314,0.01992687,2017-12-05 18:14:28,41428.0,bid
1558315,0.04650403,2017-12-05 18:16:09,41428.0,bid
1558316,0.0012,2017-12-05 18:16:25,41428.0,bid
1558317,0.17375174,2017-12-05 18:17:17,41428.0,bid
1558318,0.05624247,2017-12-05 18:17:17,41459.9989,bid
1558319,0.01,2017-12-05 18:18:14,41404.0,ask
1558320,0.00947424,2017-12-05 18:18:14,41404.0,ask
1558321,0.01494091,2017-12-05 18:18:19,41459.9989,bid
1558322,0.17698333,2017-12-05 18:18:43,41459.9989,bid
1558323,0.01205865,2017-12-05 18:18:43,41464.0,bid
1558324,0.01588891,2017-12-05 18:18:43,41466.0,bid
1558325,0.15056314,2017-12-05 18:18:43,41499.988,bid
1558326,0.0025,2017-12-05 18:18:43,41499.9999,bid
1558327,0.48647955,2017-12-05 18:18:43,41500.0,bid
1558328,0.13827467,2017-12-05 18:18:50,41500.0,bid
1558329,0.00352595,2017-12-05 18:18:50,41550.0,bid
1558330,0.08812945,2017-12-05 18:18:50,41600.0,bid
1558331,0.03281186,2017-12-05 18:18:50,41600.0,bid
1558332,0.85130429,2017-12-05 18:18:50,41625.0,bid
1558333,0.0875966,2017-12-05 18:18:50,41650.0,bid
1558334,0.0,2017-12-05 18:19:27,41404.0,ask
1558335,0.27379796,2017-12-05 18:19:57,41650.0,bid
1558336,0.0048014,2017-12-05 18:21:36,41654.5459,bid
1558337,0.01920557,2017-12-05 18:22:17,41654.5459,ask
1558338,0.00754462,2017-12-05 18:22:28,41650.0,ask
1558339,0.0011977000000000001,2017-12-05 18:22:52,41697.9999,bid
1558340,0.31233817,2017-12-05 18:22:52,41698.0,bid
1558341,0.11219580000000001,2017-12-05 18:22:52,41699.0,bid
1558342,0.00581352,2017-12-05 18:22:52,41699.0,bid
1558343,0.06423634,2017-12-05 18:22:52,41700.0,bid
1558344,0.00783346,2017-12-05 18:22:52,41700.0,bid
1558345,0.0018660999999999999,2017-12-05 18:22:59,41407.0007,ask
1558346,0.01495879,2017-12-05 18:23:52,41698.0,bid
1558347,0.02466269,2017-12-05 18:23:52,41699.0,bid
1558348,0.00834146,2017-12-05 18:23:52,41699.9999,bid
1558349,0.00558143,2017-12-05 18:23:52,41408.0005,ask
1558350,0.71891624,2017-12-05 18:23:52,41408.0004,ask
1558351,0.02,2017-12-05 18:24:05,41408.0004,ask
1558352,0.06425044,2017-12-05 18:25:12,41669.9996,bid
1558353,0.175593,2017-12-05 18:26:21,41649.9996,bid
1558354,0.24010181,2017-12-05 18:27:16,41648.9996,bid
1558355,0.09059277,2017-12-05 18:28:57,41500.0,bid
1558356,0.00137591,2017-12-05 18:29:23,41557.9995,bid
1558357,0.00405718,2017-12-05 18:30:55,41650.0,bid
1558358,0.02401537,2017-12-05 18:32:47,41639.9996,bid
1558359,0.00965018,2017-12-05 18:33:45,41450.0,ask
1558360,0.43934861,2017-12-05 18:33:45,41450.0,ask
1558361,0.01204819,2017-12-05 18:34:07,41500.0,ask
1558362,0.09471415,2017-12-05 18:34:07,41470.0,ask
1558363,0.00308971,2017-12-05 18:34:07,41450.0001,ask
1558364,0.33925019,2017-12-05 18:34:07,41430.0009,ask
1558365,0.00241487,2017-12-05 18:34:59,41410.0112,ask
1558366,0.14846033,2017-12-05 18:35:07,41410.0112,ask
1558367,0.0194,2017-12-05 18:35:07,41407.0007,ask
1558368,0.07761903,2017-12-05 18:35:07,41404.0,ask
1558369,0.1,2017-12-05 18:35:07,41397.5,ask
1558370,0.65452064,2017-12-05 18:35:07,41281.0404,ask
1558371,0.0408173,2017-12-05 18:35:17,41600.0,bid
1558372,0.001,2017-12-05 18:35:58,41290.0,ask
1558373,0.0193709,2017-12-05 18:37:06,41598.0,bid
1558374,0.0048115,2017-12-05 18:37:06,41598.0004,bid
1558375,0.0258176,2017-12-05 18:37:07,41598.0004,ask
1558376,0.01,2017-12-05 18:38:03,41305.0073,ask
1558377,0.00240442,2017-12-05 18:38:37,41589.9996,bid
1558378,0.1202212,2017-12-05 18:39:12,41589.9995,bid
1558379,0.14981854,2017-12-05 18:39:16,41589.9995,bid
1558380,0.12065383,2017-12-05 18:39:26,41305.0095,ask
1558381,0.001,2017-12-05 18:39:33,41305.0095,ask
1558382,0.001977,2017-12-05 18:39:54,41589.9995,bid
1558383,0.01931812,2017-12-05 18:41:19,41579.9996,bid
1558384,0.0237946,2017-12-05 18:42:03,41574.9996,bid
1558385,0.0237946,2017-12-05 18:43:05,41565.0,bid
1558386,0.00197275,2017-12-05 18:45:27,41544.9996,bid
1558387,0.00121767,2017-12-05 18:46:51,41500.0,bid
1558388,0.00094996,2017-12-05 18:46:51,41544.988,bid
1558389,0.03761585,2017-12-05 18:47:03,41436.0,ask
1558390,0.09945128,2017-12-05 18:47:03,41333.0001,ask
1558391,0.02392337,2017-12-05 18:47:03,41333.0,ask
1558392,0.04007380000000001,2017-12-05 18:47:04,41333.0,ask
1558393,0.09719244,2017-12-05 18:47:20,41333.0,bid
1558394,0.00696146,2017-12-05 18:48:36,41542.5,bid
1558395,0.05702291,2017-12-05 18:48:37,41542.5,bid
1558396,0.03354948,2017-12-05 18:48:37,41542.9996,bid
1558397,0.09474265,2017-12-05 18:49:38,41542.9984,ask
1558398,0.00367041,2017-12-05 18:49:49,41542.9991,bid
1558399,0.0022939,2017-12-05 18:50:42,41544.9876,bid
1558400,0.02521484,2017-12-05 18:50:54,41542.9984,ask
1558401,0.09894856,2017-12-05 18:52:48,41542.9984,ask
1558402,0.00344085,2017-12-05 18:53:42,41544.9876,bid
1558403,0.00196394,2017-12-05 18:54:07,41542.9984,ask
1558404,0.11613024,2017-12-05 18:54:47,41542.9984,ask
1558405,0.11634311,2017-12-05 18:56:09,41326.0,ask
1558406,0.0492,2017-12-05 18:56:09,41325.02,ask
1558407,0.04839683,2017-12-05 18:56:09,41325.02,ask
1558408,0.0492,2017-12-05 18:56:09,41325.01,ask
1558409,0.15924593,2017-12-05 18:56:09,41325.0,ask
1558410,0.03876736,2017-12-05 18:56:09,41305.01,ask
1558411,0.00120799,2017-12-05 18:56:09,41281.02,ask
1558412,0.04848249,2017-12-05 18:56:09,41252.003,ask
1558413,0.70041772,2017-12-05 18:56:09,41252.0004,ask
1558414,0.0137679,2017-12-05 18:58:23,41253.0,ask
1558415,0.01160747,2017-12-05 18:58:27,41500.0,bid
1558416,0.0486367,2017-12-05 18:58:41,41253.0012,ask
1558417,0.58890683,2017-12-05 18:58:41,41253.0,ask
1558418,0.05,2017-12-05 18:59:12,41254.0001,ask
1558419,0.00718937,2017-12-05 19:01:11,41449.9991,bid
1558420,0.00196739,2017-12-05 19:01:44,41299.0,bid
1558421,0.01304424,2017-12-05 19:01:45,41299.0,bid
1558422,0.027783999999999996,2017-12-05 19:03:12,41399.9991,bid
1558423,0.00695538,2017-12-05 19:03:12,41399.9999,bid
1558424,0.00220069,2017-12-05 19:03:32,41399.9999,bid
1558425,0.02078853,2017-12-05 19:03:32,41459.95,bid
1558426,0.00459831,2017-12-05 19:05:38,41450.0,bid
1558427,0.00413848,2017-12-05 19:07:46,41450.0,bid
1558428,0.00344873,2017-12-05 19:08:17,41450.0,bid
1558429,0.12680999999999998,2017-12-05 19:08:20,41450.0,bid
1558430,0.02790832,2017-12-05 19:08:48,41450.0,bid
1558431,0.01889045,2017-12-05 19:09:24,41450.0,bid
1558432,0.12681808,2017-12-05 19:09:24,41459.95,bid
1558433,0.0542,2017-12-05 19:09:24,41459.99,bid
1558434,0.0542,2017-12-05 19:09:24,41469.98,bid
1558435,0.05863084,2017-12-05 19:09:24,41544.9864,bid
1558436,0.21733525,2017-12-05 19:09:24,41544.9876,bid
1558437,0.0024,2017-12-05 19:12:35,41541.982,bid
1558438,0.0025,2017-12-05 19:23:28,41410.0004,ask
1558439,0.02414817,2017-12-05 19:24:11,41411.0,bid
1558440,0.1,2017-12-05 19:24:11,41411.0,bid
1558441,0.00195933,2017-12-05 19:25:25,41411.0004,ask
1558442,0.05363692,2017-12-05 19:27:38,41488.0,bid
1558443,0.00101518,2017-12-05 19:27:38,41489.0,bid
1558444,0.00733825,2017-12-05 19:28:02,41541.9996,ask
1558445,0.01080965,2017-12-05 19:28:10,41541.9996,ask
1558446,0.0045,2017-12-05 19:28:18,41541.9996,bid
1558447,0.01966435,2017-12-05 19:28:26,41541.9996,bid
1558448,0.09136581,2017-12-05 19:31:26,41540.9,bid
1558449,0.03370327,2017-12-05 19:32:50,41538.9996,bid
1558450,0.0222938,2017-12-05 19:33:06,41538.0,bid
1558451,0.005476600000000001,2017-12-05 19:35:02,41497.9,ask
1558452,0.08,2017-12-05 19:35:16,41497.9,ask
1558453,0.00504741,2017-12-05 19:35:43,41497.9001,bid
1558454,0.00767061,2017-12-05 19:35:43,41497.9001,bid
1558455,0.16,2017-12-05 19:36:23,41497.9,ask
1558456,0.20636584,2017-12-05 19:36:44,41497.9,ask
1558457,0.08560527,2017-12-05 19:38:03,41497.9,ask
1558458,0.0034970999999999995,2017-12-05 19:38:20,41497.9,ask
1558459,0.0728703,2017-12-05 19:39:02,41497.9,ask
1558460,1.41593995,2017-12-05 19:39:09,41497.9,ask
1558461,0.1499443,2017-12-05 19:40:08,41497.9,ask
1558462,0.00731855,2017-12-05 19:41:03,41497.9,ask
1558463,0.53478348,2017-12-05 19:41:50,41497.9001,bid
1558464,0.51110959,2017-12-05 19:41:52,41497.9001,bid
1558465,0.00143743,2017-12-05 19:43:31,41541.9996,bid
1558466,0.01,2017-12-05 19:45:53,41540.0,bid
1558467,0.07221931,2017-12-05 19:48:16,41540.0,bid
1558468,0.0241,2017-12-05 19:48:39,41512.0,ask
1558469,0.00950064,2017-12-05 19:49:10,41515.0004,ask
1558470,0.03610977,2017-12-05 19:49:19,41540.0,bid
1558471,0.16578912,2017-12-05 19:49:27,41540.0,bid
1558472,0.04330666,2017-12-05 19:52:45,41541.9996,bid
1558473,0.00250961,2017-12-05 19:57:11,41541.9996,bid
1558474,0.00901898,2017-12-05 20:00:43,41578.9577,bid
1558475,0.03771012,2017-12-05 20:03:12,41542.0,ask
1558476,0.00240855,2017-12-05 20:03:12,41541.9996,ask
1558477,0.03671586,2017-12-05 20:03:12,41541.0,ask
1558478,0.05867297,2017-12-05 20:03:12,41511.0016,ask
1558479,0.03770481,2017-12-05 20:03:13,41511.0016,ask
1558480,0.01283977,2017-12-05 20:03:13,41511.0004,ask
1558481,0.085,2017-12-05 20:04:00,41574.7994,ask
1558482,0.01,2017-12-05 20:04:00,41524.592000000004,ask
1558483,0.4010408,2017-12-05 20:04:00,41511.0004,ask
1558484,0.03084896,2017-12-05 20:05:17,41513.01,ask
1558485,0.00242911,2017-12-05 20:05:39,41578.9577,bid
1558486,0.0012,2017-12-05 20:05:41,41578.9577,bid
1558487,0.01261775,2017-12-05 20:06:41,41515.0004,ask
1558488,0.01257767,2017-12-05 20:07:07,41578.9,bid
1558489,0.10995555,2017-12-05 20:07:08,41515.0004,ask
1558490,0.007623899999999999,2017-12-05 20:08:02,41517.0,ask
1558491,0.01826821,2017-12-05 20:09:15,41578.9,bid
1558492,0.05590811,2017-12-05 20:09:55,41578.9577,bid
1558493,0.01502641,2017-12-05 20:10:14,41578.9,ask
1558494,0.08135396,2017-12-05 20:10:28,41578.9577,bid
1558495,0.04884502,2017-12-05 20:10:28,41579.0,bid
1558496,0.1,2017-12-05 20:10:28,41580.0,bid
1558497,0.05866709999999999,2017-12-05 20:10:28,41597.9992,bid
1558498,0.03870921,2017-12-05 20:10:28,41598.0,bid
1558499,0.69883631,2017-12-05 20:10:28,41598.0004,bid
1558500,0.07000224,2017-12-05 20:11:25,41598.0004,bid
1558501,0.00999661,2017-12-05 20:12:26,41578.9,ask
1558502,0.00252572,2017-12-05 20:13:17,41530.0004,ask
1558503,0.04,2017-12-05 20:14:34,41598.0004,bid
1558504,0.0142703,2017-12-05 20:17:25,41598.0,ask
1558505,0.00273312,2017-12-05 20:17:30,41598.0004,bid
1558506,0.19231693,2017-12-05 20:19:05,41598.0,bid
1558507,0.008,2017-12-05 20:21:25,41558.0,ask
1558508,0.09633447,2017-12-05 20:21:51,41522.0,ask
1558509,0.01,2017-12-05 20:23:06,41529.6,ask
1558510,0.0581029,2017-12-05 20:23:06,41523.0,ask
1558511,0.01283725,2017-12-05 20:23:49,41556.0,bid
1558512,0.15200147,2017-12-05 20:24:13,41556.0,bid
1558513,0.0088256,2017-12-05 20:25:04,41556.0,ask
1558514,0.0539649,2017-12-05 20:25:37,41556.0,ask
1558515,0.24,2017-12-05 20:26:44,41598.0,bid
1558516,0.140085,2017-12-05 20:27:02,41598.0,bid
1558517,0.008569499999999999,2017-12-05 20:27:03,41556.0,ask
1558518,0.00787971,2017-12-05 20:27:22,41598.0,bid
1558519,0.41762627,2017-12-05 20:29:02,41598.0004,bid
1558520,0.11627883,2017-12-05 20:29:02,41600.0,bid
1558521,0.18715635,2017-12-05 20:29:02,41625.0,bid
1558522,0.02,2017-12-05 20:29:21,41625.0,bid
1558523,0.00157086,2017-12-05 20:31:23,41556.0,ask
1558524,0.015068000000000002,2017-12-05 20:33:26,41620.837,ask
1558525,0.0039819,2017-12-05 20:33:30,41620.837,ask
1558526,0.60829992,2017-12-05 20:34:02,41625.0,bid
1558527,0.46926959,2017-12-05 20:34:02,41630.0,bid
1558528,0.09973758,2017-12-05 20:35:07,41630.0,bid
1558529,0.12757936,2017-12-05 20:35:54,41630.0,bid
1558530,0.02404763,2017-12-05 20:35:59,41630.0,bid
1558531,0.00120618,2017-12-05 20:36:29,41693.8302,bid
1558532,0.01860961,2017-12-05 20:36:40,41689.661,ask
1558533,0.00242613,2017-12-05 20:36:40,41630.0,ask
1558534,0.00887571,2017-12-05 20:37:05,41630.0,bid
1558535,0.47777485,2017-12-05 20:37:19,41698.9996,bid
1558536,0.30118406,2017-12-05 20:37:19,41699.0,bid
1558537,0.025519,2017-12-05 20:37:19,41699.9999,bid
1558538,0.007596800000000001,2017-12-05 20:37:19,41700.0,bid
1558539,0.02008889,2017-12-05 20:37:19,41700.0,bid
1558540,0.09995,2017-12-05 20:37:19,41700.0,bid
1558541,0.07323972,2017-12-05 20:37:19,41700.0,bid
1558542,0.0025,2017-12-05 20:37:19,41734.0,bid
1558543,0.31189338,2017-12-05 20:37:19,41750.0,bid
1558544,0.08211829,2017-12-05 20:37:19,41754.55,bid
1558545,0.06976133,2017-12-05 20:37:30,41754.55,ask
1558546,0.01918671,2017-12-05 20:37:30,41568.0004,ask
1558547,0.00124437,2017-12-05 20:37:56,41568.0004,ask
1558548,0.02043108,2017-12-05 20:42:52,41759.997,bid
1558549,0.075,2017-12-05 20:43:21,41759.997,ask
1558550,0.10456892,2017-12-05 20:43:29,41759.997,ask
1558551,0.01335394,2017-12-05 20:45:00,41764.9988,bid
1558552,0.04608249,2017-12-05 20:45:47,41749.9974,bid
1558553,0.00180464,2017-12-05 20:45:47,41750.0,bid
1558554,0.01329785,2017-12-05 20:46:51,41570.1129,ask
1558555,0.01,2017-12-05 20:48:19,41606.09,ask
1558556,0.023674900000000002,2017-12-05 20:48:19,41570.1149,ask
1558557,0.03867856,2017-12-05 20:50:45,41581.0,ask
1558558,0.00942054,2017-12-05 20:50:45,41580.1,ask
1558559,0.00360742,2017-12-05 20:53:35,41581.0,ask
1558560,0.023674900000000002,2017-12-05 20:54:01,41747.9996,bid
1558561,0.02271157,2017-12-05 20:54:01,41748.0,bid
1558562,0.13806659,2017-12-05 20:54:01,41748.0,bid
1558563,0.02799806,2017-12-05 20:54:01,41581.0,ask
1558564,0.03592987,2017-12-05 20:59:13,41747.977,ask
1558565,0.09025842,2017-12-05 20:59:14,41600.0,ask
1558566,0.00980099,2017-12-05 20:59:14,41595.64,ask
1558567,0.7594418000000001,2017-12-05 20:59:14,41582.1242,ask
1558568,0.03615084,2017-12-05 21:00:40,41749.0,bid
1558569,1.0,2017-12-05 21:00:45,41582.2004,ask
1558570,0.04380761,2017-12-05 21:00:59,41582.2004,ask
1558571,0.0336279,2017-12-05 21:02:07,41582.2004,ask
1558572,0.00248517,2017-12-05 21:02:09,41749.0,bid
1558573,0.47655681,2017-12-05 21:02:09,41749.9996,bid
1558574,0.31137724,2017-12-05 21:03:01,41740.0,bid
1558575,0.0106646,2017-12-05 21:03:10,41740.0,bid
1558576,0.00107814,2017-12-05 21:03:10,41740.0,bid
1558577,0.47927266,2017-12-05 21:04:09,41729.8994,bid
1558578,0.0,2017-12-05 21:04:09,41730.0,bid
1558579,0.03996203,2017-12-05 21:06:09,41584.0,ask
1558580,0.14,2017-12-05 21:06:09,41583.11,ask
1558581,0.30100169,2017-12-05 21:06:09,41583.1,ask
1558582,0.00480621,2017-12-05 21:07:04,41585.0,ask
1558583,0.011893,2017-12-05 21:07:04,41583.1,ask
1558584,0.16530906,2017-12-05 21:07:04,41583.0,ask
1558585,0.15083245,2017-12-05 21:07:04,41582.2111,ask
1558586,0.01851957,2017-12-05 21:07:04,41573.0,ask
1558587,0.12964996,2017-12-05 21:07:04,41571.0,ask
1558588,0.05336197,2017-12-05 21:08:18,41689.8996,bid
1558589,0.00359799,2017-12-05 21:08:33,41689.8996,bid
1558590,0.5,2017-12-05 21:09:10,41586.0,ask
1558591,0.00719601,2017-12-05 21:10:23,41686.9978,bid
1558592,0.42387661,2017-12-05 21:11:38,41591.0,ask
1558593,0.05699803,2017-12-05 21:11:38,41590.0,ask
1558594,0.48088482,2017-12-05 21:12:32,41590.0004,ask
1558595,0.01960414,2017-12-05 21:12:42,41590.0004,ask
1558596,0.09942649,2017-12-05 21:13:13,41591.0,ask
1558597,0.35965947,2017-12-05 21:13:13,41590.0004,ask
1558598,0.00721328,2017-12-05 21:13:13,41590.0,ask
1558599,0.01458986,2017-12-05 21:13:13,41571.0,ask
1558600,0.47976703,2017-12-05 21:13:56,41686.8995,bid
1558601,0.0069608000000000005,2017-12-05 21:15:43,41686.799,bid
1558602,0.0730392,2017-12-05 21:15:44,41686.7996,bid
1558603,0.04,2017-12-05 21:16:32,41571.0004,ask
1558604,0.47981194,2017-12-05 21:16:58,41682.9978,bid
1558605,0.01492209,2017-12-05 21:18:13,41580.0,ask
1558606,0.001,2017-12-05 21:18:26,41580.0004,ask
1558607,0.00715774,2017-12-05 21:18:35,41630.0,bid
1558608,0.00110225,2017-12-05 21:18:58,41630.0,ask
1558609,0.02291888,2017-12-05 21:20:39,41630.0,ask
1558610,0.01486707,2017-12-05 21:20:39,41630.0,ask
1558611,0.08372987,2017-12-05 21:20:39,41580.0,ask
1558612,0.00372181,2017-12-05 21:20:39,41571.0,ask
1558613,0.04466237,2017-12-05 21:20:39,41570.0001,ask
1558614,0.01201057,2017-12-05 21:21:58,41630.0,bid
1558615,0.05,2017-12-05 21:23:06,41630.0,bid
1558616,0.001,2017-12-05 21:25:29,41570.0005,ask
1558617,0.12819316,2017-12-05 21:28:02,41570.0005,ask
1558618,0.0075,2017-12-05 21:28:56,41570.0005,ask
1558619,0.0411336,2017-12-05 21:32:12,41600.0,ask
1558620,0.004039,2017-12-05 21:33:08,41629.0,bid
1558621,0.05170139,2017-12-05 21:33:14,41629.0,bid
1558622,0.04432489,2017-12-05 21:33:14,41685.9,bid
1558623,0.00226317,2017-12-05 21:33:49,41680.0,bid
1558624,0.05,2017-12-05 21:33:50,41680.0,bid
1558625,0.0012932,2017-12-05 21:34:00,41621.0004,ask
1558626,0.04611962,2017-12-05 21:35:00,41680.0,bid
1558627,0.09566111,2017-12-05 21:35:00,41685.9,bid
1558628,0.56321927,2017-12-05 21:35:00,41685.9996,bid
1558629,0.01,2017-12-05 21:35:04,41632.8,ask
1558630,0.0035643000000000003,2017-12-05 21:35:04,41629.0,ask
1558631,0.32798445,2017-12-05 21:35:04,41621.0004,ask
1558632,0.59980806,2017-12-05 21:36:37,41680.0,bid
1558633,0.36039954,2017-12-05 21:37:08,41622.0004,ask
1558634,0.09766822,2017-12-05 21:37:19,41650.0,bid
1558635,0.08087689,2017-12-05 21:37:52,41622.0004,ask
1558636,0.54386218,2017-12-05 21:38:46,41649.9999,ask
1558637,1.7e-07,2017-12-05 21:39:20,41621.0,ask
1558638,0.01180168,2017-12-05 21:40:08,41649.9996,bid
1558639,1.44006686,2017-12-05 21:40:10,41649.9996,bid
1558640,0.24718574,2017-12-05 21:40:10,41650.0,bid
1558641,0.07707196,2017-12-05 21:40:10,41680.0,bid
1558642,0.47256989,2017-12-05 21:40:10,41686.9978,bid
1558643,0.83952986,2017-12-05 21:40:10,41690.0,bid
1558644,0.0,2017-12-05 21:40:10,41690.0,ask
1558645,0.01180168,2017-12-05 21:40:51,41690.0,ask
1558646,0.03276893,2017-12-05 21:41:22,41690.0,bid
1558647,0.00479731,2017-12-05 21:43:28,41690.0,ask
1558648,0.161,2017-12-05 21:46:03,41700.0,bid
1558649,0.33064013,2017-12-05 21:46:03,41748.0,bid
1558650,0.0017315999999999998,2017-12-05 21:49:26,41690.0,ask
1558651,0.01199041,2017-12-05 21:50:13,41700.0,bid
1558652,0.05039435,2017-12-05 21:50:31,41700.0,bid
1558653,0.0474589,2017-12-05 21:52:07,41700.0,bid
1558654,0.19196643,2017-12-05 21:52:26,41700.0,bid
1558655,0.01,2017-12-05 21:56:06,41692.0,ask
1558656,0.19,2017-12-05 21:56:06,41690.0,ask
1558657,0.01054385,2017-12-05 21:57:13,41690.0,ask
1558658,0.00239865,2017-12-05 21:57:13,41690.0,ask
1558659,0.48051511,2017-12-05 21:57:13,41622.0,ask
1558660,0.25236770000000003,2017-12-05 21:57:14,41622.0,bid
1558661,0.28412069,2017-12-05 21:57:42,41621.0,ask
1558662,0.02723061,2017-12-05 21:58:24,41621.0,ask
1558663,0.25315322,2017-12-05 21:58:36,41621.0,ask
1558664,0.00221631,2017-12-05 21:59:05,41621.0,ask
1558665,0.0839,2017-12-05 21:59:58,41699.0,bid
1558666,0.16066381,2017-12-05 22:00:52,41699.0,bid
1558667,0.03393732,2017-12-05 22:01:48,41621.0,ask
1558668,0.71838963,2017-12-05 22:01:52,41621.0,bid
1558669,0.01341142,2017-12-05 22:01:52,41699.0,bid
1558670,0.11990694,2017-12-05 22:02:22,41699.0,bid
1558671,0.55838805,2017-12-05 22:04:15,41699.0,bid
1558672,0.04009464,2017-12-05 22:04:15,41699.9999,bid
1558673,0.40451731,2017-12-05 22:04:15,41740.0,bid
1558674,0.47927151,2017-12-05 22:04:49,41730.0,bid
1558675,0.31241264,2017-12-05 22:04:49,41740.0,bid
1558676,0.00479948,2017-12-05 22:04:49,41749.0,bid
1558677,0.20651637,2017-12-05 22:04:49,41780.0,bid
1558678,0.25156013,2017-12-05 22:05:15,41783.9,bid
1558679,0.15,2017-12-05 22:05:15,41784.0,bid
1558680,0.04819044,2017-12-05 22:05:15,41784.9996,bid
1558681,0.0986125,2017-12-05 22:05:15,41789.9,bid
1558682,0.12901225,2017-12-05 22:05:15,41789.9996,bid
1558683,0.0025,2017-12-05 22:05:15,41797.0,bid
1558684,0.02392344,2017-12-05 22:05:15,41800.0,bid
1558685,0.29920124,2017-12-05 22:05:15,41800.0,bid
1558686,0.03181963,2017-12-05 22:05:52,41790.0,bid
1558687,0.20079876,2017-12-05 22:05:52,41800.0,bid
1558688,0.18386281,2017-12-05 22:05:52,41847.977,bid
1558689,0.06402556,2017-12-05 22:05:52,41850.0,bid
1558690,0.01,2017-12-05 22:05:52,41857.2389,bid
1558691,0.19833783,2017-12-05 22:05:52,41867.0,bid
1558692,0.02433579,2017-12-05 22:05:52,41869.9988,bid
1558693,0.28981962,2017-12-05 22:05:52,41870.0,bid
1558694,0.64018038,2017-12-05 22:06:27,41870.0,bid
1558695,0.03134026,2017-12-05 22:06:27,41895.0,bid
1558696,0.06176067,2017-12-05 22:06:27,41899.0,bid
1558697,0.02386646,2017-12-05 22:06:27,41899.8,bid
1558698,0.12794321,2017-12-05 22:06:27,41900.0,bid
1558699,0.10321475,2017-12-05 22:06:39,41900.0,bid
1558700,0.019928,2017-12-05 22:06:39,41900.0,bid
1558701,0.71558694,2017-12-05 22:06:45,41923.6269,ask
1558702,0.006659999999999999,2017-12-05 22:06:52,41923.6269,ask
1558703,0.11998008,2017-12-05 22:07:01,41923.6269,ask
1558704,0.71551231,2017-12-05 22:07:49,41928.0,bid
1558705,0.07722858,2017-12-05 22:07:49,41961.1521,bid
1558706,0.0475,2017-12-05 22:07:49,41990.0094,bid
1558707,0.11347370000000001,2017-12-05 22:07:49,41990.9998,bid
1558708,0.22727513,2017-12-05 22:08:18,41923.6269,ask
1558709,0.01125409,2017-12-05 22:08:18,41922.7289,ask
1558710,0.08335119,2017-12-05 22:08:19,41990.9998,bid
1558711,0.16697386,2017-12-05 22:09:33,41922.7289,ask
1558712,0.02385341,2017-12-05 22:10:13,41922.7289,ask
1558713,0.01979723,2017-12-05 22:10:15,41922.7289,ask
1558714,0.031410200000000006,2017-12-05 22:10:54,41690.0,ask
1558715,0.01864374,2017-12-05 22:11:01,41690.0,ask
1558716,0.0047972,2017-12-05 22:12:01,41691.0,ask
1558717,0.07,2017-12-05 22:12:54,41720.0,ask
1558718,0.25207087,2017-12-05 22:12:54,41691.2,ask
1558719,1.67792913,2017-12-05 22:12:55,41691.1004,bid
1558720,0.00117281,2017-12-05 22:14:46,41888.8,bid
1558721,0.00959302,2017-12-05 22:15:41,41696.98,ask
1558722,0.0,2017-12-05 22:16:34,41657.0016,ask
1558723,0.01196382,2017-12-05 22:17:35,41700.0,ask
1558724,0.06003909,2017-12-05 22:17:35,41658.003,ask
1558725,0.17675339,2017-12-05 22:19:00,41660.0,ask
1558726,0.04800882,2017-12-05 22:19:00,41659.006,ask
1558727,0.05857533,2017-12-05 22:19:00,41659.0046,ask
1558728,0.25868839,2017-12-05 22:19:00,41659.0,ask
1558729,0.03,2017-12-05 22:19:00,41659.0,ask
1558730,0.42797407,2017-12-05 22:19:00,41656.0,ask
1558731,0.04067969,2017-12-05 22:19:39,41789.9,bid
1558732,1.14381927,2017-12-05 22:24:00,41665.0,ask
1558733,0.0242203,2017-12-05 22:24:00,41664.0,ask
1558734,0.00239521,2017-12-05 22:26:24,41749.9996,bid
1558735,0.01,2017-12-05 22:26:26,41670.0006,ask
1558736,0.42627028,2017-12-05 22:27:22,41671.0004,ask
1558737,0.03066988,2017-12-05 22:27:22,41671.0,ask
1558738,0.044000000000000004,2017-12-05 22:27:22,41671.0,ask
1558739,0.03799615,2017-12-05 22:27:22,41670.0006,ask
1558740,0.41371136,2017-12-05 22:27:22,41670.0001,ask
1558741,0.04735233,2017-12-05 22:27:22,41670.0,ask
1558742,0.03050647,2017-12-05 22:27:22,41749.9996,bid
1558743,1.0,2017-12-05 22:28:50,41780.0,bid
1558744,0.00356819,2017-12-05 22:28:56,41674.0,ask
1558745,0.03126623,2017-12-05 22:30:22,41701.0,ask
1558746,0.03054305,2017-12-05 22:30:22,41700.0004,ask
1558747,0.05280428,2017-12-05 22:30:22,41670.0,ask
1558748,0.03975792,2017-12-05 22:31:55,41661.0,ask
1558749,0.0802796,2017-12-05 22:31:55,41650.0,ask
1558750,0.00479731,2017-12-05 22:32:37,41690.0,ask
1558751,0.02101033,2017-12-05 22:32:45,41690.0,ask
1558752,0.17036048,2017-12-05 22:32:45,41650.0,ask
1558753,0.69401563,2017-12-05 22:32:45,41638.0,ask
1558754,0.00839322,2017-12-05 22:34:05,41700.0,ask
1558755,0.11990408,2017-12-05 22:34:16,41700.0,ask
1558756,0.11939269999999999,2017-12-05 22:34:20,41700.0,ask
1558757,0.06,2017-12-05 22:36:08,41650.0,bid
1558758,0.04800261,2017-12-05 22:36:29,41650.0,bid
1558759,0.01,2017-12-05 22:36:31,41644.08,ask
1558760,0.00480548,2017-12-05 22:37:28,41639.0,ask
1558761,0.01921093,2017-12-05 22:37:28,41638.0,ask
1558762,0.24743437,2017-12-05 22:37:33,41638.0,ask
1558763,0.00258794,2017-12-05 22:37:44,41639.0,bid
1558764,0.00356748,2017-12-05 22:37:52,41750.0,bid
1558765,1.01183571,2017-12-05 22:37:52,41783.8996,bid
1558766,0.0118,2017-12-05 22:37:53,41664.4,ask
1558767,0.17762252,2017-12-05 22:37:57,41664.4,ask
1558768,0.0075,2017-12-05 22:38:25,41650.0,ask
1558769,0.00306015,2017-12-05 22:39:03,41699.9996,bid
1558770,0.04796163,2017-12-05 22:39:10,41699.9996,bid
1558771,0.00871251,2017-12-05 22:39:23,41699.9996,bid
1558772,0.04797314,2017-12-05 22:39:26,41690.0,bid
1558773,0.04797314,2017-12-05 22:39:37,41690.0,bid
1558774,0.04797314,2017-12-05 22:39:53,41689.9984,bid
1558775,0.01059634,2017-12-05 22:40:01,41689.9984,bid
1558776,0.0373768,2017-12-05 22:40:01,41689.9996,bid
1558777,0.04798464,2017-12-05 22:40:13,41680.0,bid
1558778,0.025,2017-12-05 22:40:13,41680.0,bid
1558779,0.04798464,2017-12-05 22:40:24,41680.0,bid
1558780,0.04798464,2017-12-05 22:40:32,41680.0,bid
1558781,0.04798464,2017-12-05 22:40:38,41680.0,bid
1558782,0.047925999999999996,2017-12-05 22:40:44,41680.0,bid
1558783,0.02926435,2017-12-05 22:41:19,41651.0004,bid
1558784,0.98673696,2017-12-05 22:42:11,41651.0004,ask
1558785,0.0035781999999999997,2017-12-05 22:42:35,41783.9,bid
1558786,0.00356318,2017-12-05 22:42:56,41651.01,ask
1558787,0.09626543,2017-12-05 22:45:44,41657.0004,ask
1558788,0.11978469,2017-12-05 22:45:44,41657.0001,ask
1558789,0.037911099999999996,2017-12-05 22:45:48,41657.0,ask
1558790,0.02466346,2017-12-05 22:45:48,41656.0,ask
1558791,0.05746214,2017-12-05 22:45:48,41651.01,ask
1558792,0.07897468,2017-12-05 22:45:52,41651.01,ask
1558793,0.16111557,2017-12-05 22:45:52,41651.0,ask
1558794,0.09626799999999999,2017-12-05 22:46:03,41658.0,ask
1558795,0.006428100000000001,2017-12-05 22:46:05,41658.0,ask
1558796,0.03,2017-12-05 22:48:15,41783.49,bid
1558797,0.10998599999999999,2017-12-05 22:48:21,41783.49,bid
1558798,0.11974876,2017-12-05 22:48:21,41783.5,bid
1558799,0.20658975,2017-12-05 22:48:21,41783.9,bid
1558800,0.42797407,2017-12-05 22:48:21,41842.0,bid
1558801,0.04800882,2017-12-05 22:48:21,41843.997,bid
1558802,0.0114,2017-12-05 22:51:27,41783.5,ask
1558803,0.11950286,2017-12-05 22:52:42,41840.0,bid
1558804,0.02392344,2017-12-05 22:54:00,41800.0,bid
1558805,0.0047756,2017-12-05 22:56:30,41879.9896,ask
1558806,0.0094728,2017-12-05 22:56:30,41803.9016,ask
1558807,0.01,2017-12-05 22:56:30,41802.8,ask
1558808,0.0359579,2017-12-05 22:56:30,41783.5,ask
1558809,0.1,2017-12-05 22:56:30,41652.0,ask
1558810,0.15,2017-12-05 22:56:30,41651.01,ask
1558811,0.89003077,2017-12-05 22:56:30,41651.0,ask
1558812,0.125296,2017-12-05 22:56:42,41651.0,ask
1558813,0.0875299,2017-12-05 22:56:42,41650.0,ask
1558814,0.10395594,2017-12-05 22:56:42,41650.0,ask
1558815,0.00960615,2017-12-05 22:56:42,41640.0,ask
1558816,0.43214259999999993,2017-12-05 22:56:42,41629.0,ask
1558817,0.01200459,2017-12-05 22:56:42,41600.0,ask
1558818,0.13077113,2017-12-05 22:56:42,41583.0,ask
1558819,0.28171052,2017-12-05 22:56:50,41583.0,ask
1558820,0.12025011,2017-12-05 22:56:50,41580.0,ask
1558821,0.0036970999999999996,2017-12-05 22:56:50,41575.0,ask
1558822,0.66151931,2017-12-05 22:56:50,41570.0,ask
1558823,0.13550248,2017-12-05 22:56:50,41568.0,ask
1558824,0.14998499999999998,2017-12-05 22:59:03,41699.9,bid
1558825,0.040014999999999995,2017-12-05 23:01:02,41699.9,ask
1558826,0.01565257,2017-12-05 23:05:22,41699.9996,ask
1558827,0.00955909,2017-12-05 23:06:01,41661.69,ask
1558828,0.0182,2017-12-05 23:06:23,41699.9992,ask
1558829,0.01851658,2017-12-05 23:07:06,41799.9996,bid
1558830,0.0087926,2017-12-05 23:09:17,41590.0018,ask
1558831,0.005,2017-12-05 23:09:19,41798.9996,bid
1558832,0.00120248,2017-12-05 23:11:27,41590.0122,ask
1558833,0.02392345,2017-12-05 23:13:07,41799.9996,bid
1558834,0.02392344,2017-12-05 23:13:15,41799.9996,bid
1558835,0.05955303,2017-12-05 23:14:17,41799.9996,bid
1558836,0.12957404,2017-12-05 23:14:41,41651.0,ask
1558837,0.12178845,2017-12-05 23:14:41,41650.0,ask
1558838,0.15,2017-12-05 23:14:41,41593.01,ask
1558839,0.1,2017-12-05 23:14:41,41593.0,ask
1558840,0.05,2017-12-05 23:14:41,41592.0,ask
1558841,0.004,2017-12-05 23:14:41,41591.0,ask
1558842,0.01971628,2017-12-05 23:14:41,41590.0,ask
1558843,0.0024100000000000002,2017-12-05 23:14:41,41585.0001,ask
1558844,0.1,2017-12-05 23:14:41,41585.0,ask
1558845,0.12,2017-12-05 23:14:41,41584.0,ask
1558846,0.15318112,2017-12-05 23:14:41,41568.0,ask
1558847,0.00500867,2017-12-05 23:14:41,41560.0,ask
1558848,0.05205377,2017-12-05 23:14:41,41535.0,ask
1558849,0.04889368,2017-12-05 23:14:41,41521.0001,ask
1558850,0.05012505,2017-12-05 23:14:41,41501.0,ask
1558851,0.03399901,2017-12-05 23:14:41,41501.0,ask
1558852,0.0144,2017-12-05 23:14:41,41500.0,ask
1558853,0.00950999,2017-12-05 23:14:41,41500.0,ask
1558854,0.00583375,2017-12-05 23:14:41,41499.0,ask
1558855,0.0481952,2017-12-05 23:14:41,41497.9026,ask
1558856,0.09567347,2017-12-05 23:14:41,41497.9012,ask
1558857,0.05883471,2017-12-05 23:14:41,41497.9012,ask
1558858,0.07455316,2017-12-05 23:14:41,41497.9,ask
1558859,0.12140427,2017-12-05 23:14:45,41651.0004,ask
1558860,0.01239835,2017-12-05 23:14:54,41799.9988,bid
1558861,0.1,2017-12-05 23:15:48,41500.0,bid
1558862,0.14998499999999998,2017-12-05 23:15:48,41789.9,bid
1558863,0.65174277,2017-12-05 23:15:48,41790.0,bid
1558864,0.07170346,2017-12-05 23:15:55,41838.9876,bid
1558865,0.03039501,2017-12-05 23:16:21,41799.9996,ask
1558866,0.0094102,2017-12-05 23:17:03,41789.9996,bid
1558867,0.00959999,2017-12-05 23:18:57,41700.0,bid
1558868,0.01653672,2017-12-05 23:19:29,41699.0,bid
1558869,0.24038462,2017-12-05 23:20:11,41600.0,bid
1558870,0.01,2017-12-05 23:21:19,41548.608,ask
1558871,0.00240732,2017-12-05 23:21:40,41540.0,ask
1558872,0.08174147,2017-12-05 23:21:40,41512.0004,ask
1558873,0.015,2017-12-05 23:21:40,41512.0,ask
1558874,0.1,2017-12-05 23:21:40,41511.0,ask
1558875,0.04174821,2017-12-05 23:21:40,41510.0,ask
1558876,0.22687158,2017-12-05 23:22:14,41510.0001,ask
1558877,0.22687158,2017-12-05 23:23:05,41510.0,ask
1558878,0.006,2017-12-05 23:23:05,41500.0,ask
1558879,0.0059298,2017-12-05 23:23:05,41500.0,ask
1558880,0.96386703,2017-12-05 23:23:05,41499.5,ask
1558881,0.00210792,2017-12-05 23:23:05,41497.9,ask
1558882,0.48146365,2017-12-05 23:23:10,41540.0,bid
1558883,0.01128515,2017-12-05 23:23:35,41540.0,bid
1558884,0.05,2017-12-05 23:24:27,41548.608,bid
1558885,0.024067099999999998,2017-12-05 23:25:22,41548.608,bid
1558886,0.02450028,2017-12-05 23:25:51,41548.608,bid
1558887,0.01925456,2017-12-05 23:26:08,41548.608,bid
1558888,0.01985806,2017-12-05 23:26:28,41548.608,bid
1558889,0.006,2017-12-05 23:29:20,41549.0,ask
1558890,0.07462213,2017-12-05 23:30:14,41549.0,ask
1558891,0.1,2017-12-05 23:30:14,41548.608,ask
1558892,0.42760391,2017-12-05 23:30:14,41497.9,ask
1558893,0.01936268,2017-12-05 23:30:32,41503.0,ask
1558894,0.2708998,2017-12-05 23:30:32,41497.9,ask
1558895,0.01099232,2017-12-05 23:30:49,41497.9,ask
1558896,0.00930067,2017-12-05 23:30:52,41497.9,ask
1558897,0.005,2017-12-05 23:31:28,41500.0,ask
1558898,0.95890394,2017-12-05 23:31:28,41497.9,ask
1558899,0.40862037,2017-12-05 23:31:31,41497.9,ask
1558900,0.21816919,2017-12-05 23:31:31,41450.0,ask
1558901,0.47991459,2017-12-05 23:32:06,41450.0,ask
1558902,0.06280062,2017-12-05 23:33:06,41450.0,ask
1558903,0.00719459,2017-12-05 23:35:05,41697.9984,ask
1558904,0.098,2017-12-05 23:35:08,41697.9984,ask
1558905,0.00480541,2017-12-05 23:35:19,41697.9984,ask
1558906,0.01512727,2017-12-05 23:36:17,41670.0,bid
1558907,0.03465567,2017-12-05 23:37:08,41500.0,ask
1558908,0.045,2017-12-05 23:37:20,41633.0,bid
1558909,0.21267639,2017-12-05 23:37:20,41639.9996,bid
1558910,0.0343216,2017-12-05 23:37:47,41500.0,ask
1558911,0.00218197,2017-12-05 23:38:50,41510.0,ask
1558912,0.01,2017-12-05 23:38:54,41510.0,bid
1558913,0.01008627,2017-12-05 23:42:47,41610.0,bid
1558914,0.00991373,2017-12-05 23:42:50,41610.0,bid
1558915,0.01008627,2017-12-05 23:45:20,41610.0,ask
1558916,0.005,2017-12-05 23:49:52,41550.0,ask
1558917,0.04807923,2017-12-05 23:51:43,41598.0,bid
1558918,0.0,2017-12-05 23:51:43,41598.0,ask
1558919,0.0128,2017-12-05 23:53:19,41598.0,ask
1558920,0.07106665,2017-12-05 23:58:16,41610.0,bid
1558921,0.04888598,2017-12-05 23:58:16,41630.0,bid
1558922,0.08111402,2017-12-05 23:58:16,41650.0,bid
1558923,0.06,2017-12-05 23:58:16,41659.0,bid
1558924,0.04,2017-12-05 23:58:16,41662.0,bid
1558925,0.0655,2017-12-05 23:58:16,41668.0,bid
1558926,0.08487273,2017-12-05 23:58:16,41670.0,bid
1558927,0.1,2017-12-05 23:58:16,41680.0,bid
1558928,0.0755,2017-12-05 23:58:16,41685.0,bid
1558929,0.085,2017-12-05 23:58:16,41689.0,bid
1558930,0.15,2017-12-05 23:58:16,41729.0,bid
1558931,0.15,2017-12-05 23:58:16,41745.0,bid
1558932,0.0481952,2017-12-05 23:58:16,41769.9974,bid
1558933,0.04643047,2017-12-05 23:58:16,41769.9988,bid
1558934,0.38619459,2017-12-05 23:58:16,41770.0,bid
1558935,0.09661929,2017-12-05 23:58:16,41779.9988,bid
1558936,0.95021,2017-12-05 23:58:16,41780.0,bid
1558937,0.00718046,2017-12-05 23:59:55,41780.0,bid
1558938,0.0049955,2017-12-06 00:01:54,41779.0,bid
1558939,5.42e-06,2017-12-06 00:02:14,41780.0,bid
1558940,0.62203392,2017-12-06 00:02:14,41797.9996,bid
1558941,0.00641235,2017-12-06 00:03:02,41779.0,ask
1558942,0.00362559,2017-12-06 00:03:29,41779.0,ask
1558943,0.01,2017-12-06 00:03:56,41778.9996,bid
1558944,0.19904077,2017-12-06 00:05:08,41699.9996,bid
1558945,0.05,2017-12-06 00:06:07,41699.9996,bid
1558946,0.0015342,2017-12-06 00:06:07,41699.9996,bid
1558947,0.23980810000000002,2017-12-06 00:06:24,41699.9996,bid
1558948,0.10250504,2017-12-06 00:06:53,41699.9991,bid
1558949,0.002,2017-12-06 00:07:51,41598.0,ask
1558950,0.00206311,2017-12-06 00:08:33,41598.0,ask
1558951,0.01890215,2017-12-06 00:09:05,41598.0,ask
1558952,0.06489169,2017-12-06 00:11:21,41687.9996,bid
1558953,0.17068215,2017-12-06 00:16:09,41600.0,ask
1558954,0.01,2017-12-06 00:22:23,41598.4,ask
1558955,0.06346794,2017-12-06 00:22:23,41598.0,ask
1558956,0.01617637,2017-12-06 00:22:23,41596.0,ask
1558957,0.04819262,2017-12-06 00:22:23,41500.1226,ask
1558958,0.18537374,2017-12-06 00:22:23,41500.12,ask
1558959,0.43524514,2017-12-06 00:22:23,41500.0001,ask
1558960,0.00222385,2017-12-06 00:24:01,41598.0,bid
1558961,0.01,2017-12-06 00:24:15,41598.4,bid
1558962,0.0020154,2017-12-06 00:24:15,41687.0,bid
1558963,0.0028699999999999997,2017-12-06 00:25:59,41687.0,bid
1558964,0.09106777,2017-12-06 00:26:54,41687.0,bid
1558965,0.02235818,2017-12-06 00:26:54,41749.1628,bid
1558966,0.43733991,2017-12-06 00:27:31,41776.9806,bid
1558967,0.46980779,2017-12-06 00:28:11,41770.3592,ask
1558968,0.00243227,2017-12-06 00:31:17,41760.0,bid
1558969,0.06164337,2017-12-06 00:33:25,41769.972,bid
1558970,0.005,2017-12-06 00:35:47,41600.0,ask
1558971,0.00203708,2017-12-06 00:36:22,41600.0,ask
1558972,0.02157678,2017-12-06 00:41:10,41700.0,bid
1558973,0.00655102,2017-12-06 00:41:25,41699.9996,bid
1558974,0.00577645,2017-12-06 00:42:15,41548.0,ask
1558975,0.00777792,2017-12-06 00:43:42,41600.0,bid
1558976,0.19828013,2017-12-06 00:44:33,41600.0,bid
1558977,1.09852022,2017-12-06 00:45:45,41500.0001,ask
1558978,0.07599963,2017-12-06 00:45:55,41500.0001,bid
1558979,0.4718156,2017-12-06 00:46:17,41450.0,ask
1558980,0.03317424,2017-12-06 00:46:46,41590.0,bid
1558981,0.04291086,2017-12-06 00:46:46,41599.9996,bid
1558982,0.07616194,2017-12-06 00:46:57,41599.9996,bid
1558983,0.03409168,2017-12-06 00:47:05,41599.9996,bid
1558984,0.04208108,2017-12-06 00:47:05,41600.0,bid
1558985,0.0762032,2017-12-06 00:47:18,41600.0,bid
1558986,0.07617280000000001,2017-12-06 00:47:27,41600.0,bid
1558987,0.01772475,2017-12-06 00:47:36,41600.0,bid
1558988,0.07621467,2017-12-06 00:47:38,41600.0,bid
1558989,0.07627310000000001,2017-12-06 00:47:48,41600.0,bid
1558990,0.07627193,2017-12-06 00:47:57,41600.0,bid
1558991,0.07627825,2017-12-06 00:48:08,41600.0,bid
1558992,0.07627825,2017-12-06 00:48:17,41600.0,bid
1558993,0.07627825,2017-12-06 00:48:26,41600.0,bid
1558994,0.0760633,2017-12-06 00:48:40,41600.0,bid
1558995,0.07603693,2017-12-06 00:48:50,41600.0,bid
1558996,0.06024096,2017-12-06 00:51:17,41500.0,ask
1558997,0.10378818,2017-12-06 00:51:17,41460.0,ask
1558998,0.43900946,2017-12-06 00:51:17,41450.0,ask
1558999,0.60313631,2017-12-06 00:51:20,41450.0,ask
1559000,0.60313631,2017-12-06 00:51:23,41450.0,ask
1559001,0.4405098,2017-12-06 00:51:26,41450.0,ask
1559002,0.0218367,2017-12-06 00:51:26,41443.997,ask
1559003,0.0024,2017-12-06 00:51:26,41414.0,ask
1559004,0.00120731,2017-12-06 00:51:26,41414.0,ask
1559005,0.06143945,2017-12-06 00:51:26,41411.0,ask
1559006,0.00296212,2017-12-06 00:51:26,41400.0,ask
1559007,0.07305747,2017-12-06 00:51:26,41331.5,ask
1559008,0.07620291,2017-12-06 00:51:50,41400.0,bid
1559009,0.00506517,2017-12-06 00:52:12,41400.0,bid
1559010,0.01954173,2017-12-06 00:52:22,41400.0,bid
1559011,0.05711076,2017-12-06 00:52:22,41599.0,bid
1559012,0.01594671,2017-12-06 00:52:35,41599.0,bid
1559013,0.06027766,2017-12-06 00:52:35,41600.0,bid
1559014,0.12097164,2017-12-06 00:54:43,41332.0017,ask
1559015,0.00252227,2017-12-06 00:58:51,41500.0,bid
1559016,0.09781109,2017-12-06 00:58:59,41600.0,bid
1559017,0.004756100000000001,2017-12-06 01:02:02,41599.9999,bid
1559018,0.009513200000000001,2017-12-06 01:03:02,41599.9999,bid
1559019,0.0157307,2017-12-06 01:05:40,41599.9999,bid
1559020,0.06029057,2017-12-06 01:05:40,41600.0,bid
1559021,0.07598533,2017-12-06 01:05:56,41600.0,bid
1559022,0.07613578,2017-12-06 01:06:15,41500.0,bid
1559023,0.07613064,2017-12-06 01:06:24,41500.0,bid
1559024,0.07613067,2017-12-06 01:06:35,41500.0,bid
1559025,0.07613074,2017-12-06 01:06:48,41500.0,bid
1559026,0.07611613,2017-12-06 01:06:59,41500.0,bid
1559027,0.0762489,2017-12-06 01:07:13,41500.0,bid
1559028,0.03547525,2017-12-06 01:07:28,41500.0,bid
1559029,0.00507577,2017-12-06 01:07:34,41500.0,bid
1559030,0.00507028,2017-12-06 01:08:52,41500.0,bid
1559031,0.006999999999999999,2017-12-06 01:11:07,41400.0001,ask
1559032,0.74896674,2017-12-06 01:11:07,41400.0,ask
1559033,0.01478242,2017-12-06 01:16:18,41405.0004,ask
1559034,0.00239725,2017-12-06 01:16:23,41405.0004,ask
1559035,0.01,2017-12-06 01:17:06,41599.998999999996,bid
1559036,0.0382222,2017-12-06 01:21:01,41451.0004,ask
1559037,0.75760079,2017-12-06 01:26:54,41600.0,bid
1559038,0.44432229,2017-12-06 01:26:54,41600.0,bid
1559039,0.14423077,2017-12-06 01:27:21,41600.0,bid
1559040,0.41144694,2017-12-06 01:27:33,41600.0,bid
1559041,0.04540187,2017-12-06 01:27:33,41737.957,bid
1559042,0.04819262,2017-12-06 01:27:33,41737.9574,bid
1559043,0.18533667,2017-12-06 01:27:33,41737.96,bid
1559044,0.0069965,2017-12-06 01:27:33,41738.9999,bid
1559045,0.00479875,2017-12-06 01:27:33,41739.0005,bid
1559046,0.1796063,2017-12-06 01:27:33,41758.0,bid
1559047,0.09998,2017-12-06 01:27:33,41759.0,bid
1559048,0.21729893,2017-12-06 01:27:33,41760.0,bid
1559049,0.0,2017-12-06 01:30:51,41666.0,ask
1559050,0.00162133,2017-12-06 01:31:22,41666.0,ask
1559051,0.00386881,2017-12-06 01:32:02,41700.0,bid
1559052,0.00562419,2017-12-06 01:32:02,41702.0003,bid
1559053,0.00437581,2017-12-06 01:34:02,41702.0003,bid
1559054,0.00511719,2017-12-06 01:34:02,41702.0004,bid
1559055,0.00774226,2017-12-06 01:36:03,41702.0004,bid
1559056,0.0999,2017-12-06 01:37:26,41776.9999,bid
1559057,0.07180985,2017-12-06 01:37:26,41777.0,bid
1559058,0.15081736,2017-12-06 01:37:26,41838.988,bid
1559059,0.17925429999999998,2017-12-06 01:37:26,41840.0,bid
1559060,0.09597668,2017-12-06 01:37:26,41848.0,bid
1559061,0.00410332,2017-12-06 01:37:47,41848.0,bid
1559062,0.43302366,2017-12-06 01:37:47,41849.0,bid
1559063,0.16025513,2017-12-06 01:37:47,41850.0,bid
1559064,1.1610797,2017-12-06 01:39:18,41850.0,bid
1559065,0.0094526,2017-12-06 01:42:02,41850.0,bid
1559066,0.0047258000000000005,2017-12-06 01:46:03,41850.0,bid
1559067,0.0047258000000000005,2017-12-06 01:46:07,41850.0,bid
1559068,0.0047258000000000005,2017-12-06 01:47:02,41850.0,bid
1559069,0.0094728,2017-12-06 01:51:30,41803.9016,ask
1559070,0.0094728,2017-12-06 01:51:30,41803.9016,ask
1559071,4e-07,2017-12-06 01:51:51,41803.9016,bid
1559072,0.018946,2017-12-06 01:51:51,41803.9016,bid
1559073,0.01,2017-12-06 01:53:08,41849.9999,bid
1559074,0.00479527,2017-12-06 02:00:48,41715.0,ask
1559075,0.00503126,2017-12-06 02:00:48,41714.9479,ask
1559076,0.00175074,2017-12-06 02:00:48,41714.9478,ask
1559077,0.009493000000000001,2017-12-06 02:00:48,41714.9478,ask
1559078,0.009493000000000001,2017-12-06 02:00:48,41714.9478,ask
1559079,0.00949273,2017-12-06 02:00:48,41714.9478,ask
1559080,2.7e-07,2017-12-06 02:00:51,41714.9478,ask
1559081,0.0480139,2017-12-06 02:00:53,41654.602999999996,ask
1559082,0.03783583,2017-12-06 02:00:53,41654.6016,ask
1559083,0.09689078,2017-12-06 02:00:53,41654.6016,ask
1559084,0.0536,2017-12-06 02:00:53,41654.6,ask
1559085,0.0536,2017-12-06 02:00:53,41654.59,ask
1559086,0.15255499,2017-12-06 02:00:53,41654.58,ask
1559087,0.4424955,2017-12-06 02:00:57,41654.58,ask
1559088,0.03169966,2017-12-06 02:01:58,41714.9478,bid
1559089,0.00835607,2017-12-06 02:06:49,41714.9478,bid
1559090,0.09,2017-12-06 02:15:01,41849.9999,bid
1559091,0.01,2017-12-06 02:15:33,41850.0,bid
1559092,0.01,2017-12-06 02:26:35,41849.9999,ask
1559093,0.01667396,2017-12-06 02:29:01,41662.51,ask
1559094,0.00502874,2017-12-06 02:29:29,41849.9998,bid
1559095,0.51331955,2017-12-06 02:29:29,41850.0,bid
1559096,0.0537,2017-12-06 02:29:29,41878.97,bid
1559097,0.0252686,2017-12-06 02:29:29,41878.99,bid
1559098,0.028431400000000003,2017-12-06 02:29:57,41878.99,bid
1559099,0.09096019,2017-12-06 02:29:57,41879.0,bid
1559100,0.00478904,2017-12-06 02:48:24,41878.0104,bid
1559101,0.00455307,2017-12-06 02:48:24,41879.0,bid
1559102,0.00065789,2017-12-06 02:48:24,41887.98,bid
1559103,0.16978161,2017-12-06 03:05:35,41887.98,bid
1559104,0.011938200000000001,2017-12-06 03:05:35,41899.9996,bid
1559105,0.19129516,2017-12-06 03:05:35,41900.0,bid
1559106,0.21920277,2017-12-06 03:05:35,41922.7289,bid
1559107,0.21062399999999998,2017-12-06 03:05:35,41922.7289,bid
1559108,0.41239915,2017-12-06 03:05:35,41923.0001,bid
1559109,0.17633446,2017-12-06 03:05:43,41963.87,ask
1559110,0.11096669999999999,2017-12-06 03:06:03,41970.0,bid
1559111,0.02463879,2017-12-06 03:06:03,41978.0001,bid
1559112,0.10109197,2017-12-06 03:09:25,41985.0,bid
1559113,0.04890803,2017-12-06 03:12:45,41985.0,bid
1559114,0.00317511,2017-12-06 03:12:45,41990.9998,bid
1559115,0.0378207,2017-12-06 03:12:45,41998.9988,bid
1559116,0.02916352,2017-12-06 03:12:45,41998.9988,bid
1559117,0.06770789,2017-12-06 03:13:03,41998.9988,bid
1559118,0.05134257,2017-12-06 03:13:03,41999.0,bid
1559119,0.07907046,2017-12-06 03:13:11,41999.0,bid
1559120,0.11905045,2017-12-06 03:13:25,41999.0,bid
1559121,0.11905045,2017-12-06 03:13:40,41999.0,bid
1559122,0.11905045,2017-12-06 03:13:51,41999.0,bid
1559123,0.01251323,2017-12-06 03:14:09,41999.0,bid
1559124,0.1,2017-12-06 03:14:09,41999.0,bid
1559125,0.00653707,2017-12-06 03:14:09,42000.0,bid
1559126,0.00140653,2017-12-06 03:14:22,42000.0,bid
1559127,0.11764109,2017-12-06 03:14:22,42000.0,bid
1559128,0.11904762,2017-12-06 03:14:32,42000.0,bid
1559129,0.01,2017-12-06 03:14:37,41984.712,ask
1559130,0.01208005,2017-12-06 03:14:37,41981.14,ask
1559131,0.00512273,2017-12-06 03:14:47,42000.0,bid
1559132,0.03497811,2017-12-06 03:14:47,42000.0,bid
1559133,0.00502722,2017-12-06 03:14:47,42000.0,bid
1559134,0.04322049,2017-12-06 03:14:47,42000.0,bid
1559135,0.00677951,2017-12-06 03:17:05,42000.0,bid
1559136,0.06929344,2017-12-06 03:17:05,42000.0,bid
1559137,0.07604739999999999,2017-12-06 03:17:17,42000.0,bid
1559138,0.07603913,2017-12-06 03:17:41,42000.0,bid
1559139,0.22341196,2017-12-06 03:19:15,41999.0,bid
1559140,0.04018496,2017-12-06 03:19:15,42000.0,bid
1559141,0.006999999999999999,2017-12-06 03:19:15,42000.0,bid
1559142,0.01,2017-12-06 03:19:15,42000.0,bid
1559143,1.12118275,2017-12-06 03:19:15,42000.0,bid
1559144,1.11442879,2017-12-06 03:19:15,42000.0,bid
1559145,0.00379154,2017-12-06 03:19:15,42000.0004,bid
1559146,0.01112588,2017-12-06 03:19:29,42000.0004,bid
1559147,0.00847601,2017-12-06 03:19:31,42001.0,ask
1559148,0.0096,2017-12-06 03:20:00,42032.68,bid
1559149,0.08055763,2017-12-06 03:20:00,42049.0,bid
1559150,0.58613371,2017-12-06 03:20:00,42067.0345,bid
1559151,0.11617497,2017-12-06 03:20:00,42100.0,bid
1559152,0.55102027,2017-12-06 03:20:00,42116.8235,bid
1559153,0.02159681,2017-12-06 03:20:04,42156.58,ask
1559154,0.00291437,2017-12-06 03:20:08,42156.58,ask
1559155,0.01924471,2017-12-06 03:20:09,42156.58,ask
1559156,0.04640601,2017-12-06 03:22:14,42199.0,bid
1559157,0.06196815,2017-12-06 03:22:14,42199.0099,bid
1559158,0.00892697,2017-12-06 03:22:14,42200.0,bid
1559159,0.11848341,2017-12-06 03:22:24,42200.0,bid
1559160,0.02940423,2017-12-06 03:23:22,42200.0,bid
1559161,0.04739336,2017-12-06 03:23:22,42200.0,bid
1559162,0.01,2017-12-06 03:23:22,42200.0,bid
1559163,0.10955644,2017-12-06 03:23:22,42200.0,bid
1559164,0.14157656,2017-12-06 03:23:22,42213.0,bid
1559165,0.0,2017-12-06 03:23:22,42229.49,ask
1559166,0.01479137,2017-12-06 03:24:33,42274.27,ask
1559167,0.00555705,2017-12-06 03:24:48,42274.27,ask
1559168,0.00493314,2017-12-06 03:24:58,42274.2704,ask
1559169,0.00307513,2017-12-06 03:25:49,42274.65,bid
1559170,0.03546891,2017-12-06 03:25:56,42290.5596,bid
1559171,0.07180399999999999,2017-12-06 03:27:04,42300.0,bid
1559172,0.0991105,2017-12-06 03:28:04,42300.0,bid
1559173,0.02362577,2017-12-06 03:28:04,42326.6667,bid
1559174,0.16455559,2017-12-06 03:28:28,42340.73,ask
1559175,0.0016,2017-12-06 03:29:00,42340.73,ask
1559176,0.09938672,2017-12-06 03:29:07,42345.0,bid
1559177,0.00944352,2017-12-06 03:29:14,42357.0833,bid
1559178,0.02358637,2017-12-06 03:29:18,42397.3636,bid
1559179,0.00235967,2017-12-06 03:30:06,42442.0,bid
1559180,0.00493314,2017-12-06 03:30:10,42499.997,bid
1559181,0.09433816,2017-12-06 03:30:20,42400.0,ask
1559182,0.0017347999999999999,2017-12-06 03:30:37,42190.23,bid
1559183,0.00456201,2017-12-06 03:31:12,42490.19,ask
1559184,0.11764706,2017-12-06 03:31:20,42500.0,bid
1559185,0.04705882,2017-12-06 03:31:20,42500.0,bid
1559186,0.02352941,2017-12-06 03:31:27,42500.0,bid
1559187,0.0480139,2017-12-06 03:35:21,42497.9974,bid
1559188,0.061406100000000005,2017-12-06 03:35:21,42498.0,bid
1559189,0.014988,2017-12-06 03:38:47,42497.98,bid
1559190,0.20096877,2017-12-06 03:38:47,42498.0,bid
1559191,0.06176471,2017-12-06 03:38:47,42500.0,bid
1559192,0.05,2017-12-06 03:38:47,42500.0,bid
1559193,0.72227852,2017-12-06 03:38:47,42500.0,bid
1559194,0.04796222,2017-12-06 03:40:50,42411.69,bid
1559195,0.00151011,2017-12-06 03:40:50,42500.0,bid
1559196,0.01,2017-12-06 03:40:50,42500.0,bid
1559197,0.45419206,2017-12-06 03:40:50,42500.0,bid
1559198,0.0021787,2017-12-06 03:40:50,42500.0,bid
1559199,0.0,2017-12-06 03:40:50,42522.1,ask
1559200,0.09719062,2017-12-06 03:42:43,42551.0,bid
1559201,0.0028926,2017-12-06 03:44:28,42522.31,ask
1559202,0.0028926,2017-12-06 03:44:35,42522.31,ask
1559203,0.04904315,2017-12-06 03:46:03,42531.23,ask
1559204,0.03,2017-12-06 03:52:06,42200.0,ask
1559205,0.03462585,2017-12-06 03:52:06,42151.0204,ask
1559206,0.00387779,2017-12-06 03:58:51,42499.022000000004,bid
1559207,0.09102738,2017-12-06 03:58:52,42499.022000000004,bid
1559208,0.03462585,2017-12-06 03:58:52,42550.9996,bid
1559209,0.57949427,2017-12-06 03:58:52,42551.0,bid
1559210,0.81331511,2017-12-06 03:59:18,42551.0,bid
1559211,0.125,2017-12-06 03:59:18,42564.0,bid
1559212,0.02125317,2017-12-06 03:59:18,42581.8792,bid
1559213,0.28043172,2017-12-06 03:59:18,42591.6274,bid
1559214,0.3065381,2017-12-06 04:00:21,42591.6274,bid
1559215,0.0094,2017-12-06 04:00:21,42651.0,bid
1559216,0.1101565,2017-12-06 04:00:21,42666.5683,bid
1559217,0.002343,2017-12-06 04:00:21,42680.3683,bid
1559218,0.024980000000000002,2017-12-06 04:00:21,42700.0,bid
1559219,0.25000534,2017-12-06 04:00:21,42705.0,bid
1559220,0.35124693,2017-12-06 04:00:36,42705.0,bid
1559221,0.87874773,2017-12-06 04:00:51,42705.0,bid
1559222,0.001,2017-12-06 04:00:51,42712.0,bid
1559223,0.01613144,2017-12-06 04:00:51,42721.3771,bid
1559224,0.01731837,2017-12-06 04:00:51,42798.9989,bid
1559225,0.32102766,2017-12-06 04:05:30,42790.0,bid
1559226,0.12021404,2017-12-06 04:05:30,42790.96,bid
1559227,0.02614903,2017-12-06 04:05:30,42798.9989,bid
1559228,0.2294702,2017-12-06 04:05:37,42798.9989,bid
1559229,0.23772365,2017-12-06 04:05:37,42818.2269,bid
1559230,0.4670907999999999,2017-12-06 04:05:41,42818.2269,bid
1559231,0.46291256,2017-12-06 04:05:48,42818.2269,bid
1559232,0.0041751,2017-12-06 04:05:48,42850.4409,bid
1559233,0.03549777,2017-12-06 04:05:51,42850.4409,bid
1559234,1.13112543,2017-12-06 04:05:51,42859.0,bid
1559235,0.33887457,2017-12-06 04:05:52,42859.0,bid
1559236,0.07369023,2017-12-06 04:05:52,42888.0,bid
1559237,0.05396036,2017-12-06 04:05:52,42915.7318,bid
1559238,0.46602957,2017-12-06 04:06:05,42915.7318,bid
1559239,0.06254704,2017-12-06 04:06:24,42915.7318,bid
1559240,0.1,2017-12-06 04:06:24,42920.0064,bid
1559241,0.03676979,2017-12-06 04:06:24,42950.0,bid
1559242,0.05514068,2017-12-06 04:06:24,42990.9091,bid
1559243,0.03,2017-12-06 04:06:24,42999.0,bid
1559244,0.14024556,2017-12-06 04:06:24,43000.0,bid
1559245,0.00123168,2017-12-06 04:06:24,43000.0,bid
1559246,0.02276137,2017-12-06 04:06:39,43000.0,bid
1559247,0.02692084,2017-12-06 04:06:39,43000.0,bid
1559248,0.02325581,2017-12-06 04:06:39,43000.0,bid
1559249,0.02325581,2017-12-06 04:06:39,43000.0,bid
1559250,0.0249,2017-12-06 04:06:39,43000.0,bid
1559251,0.0079835,2017-12-06 04:06:39,43000.0,bid
1559252,0.01995826,2017-12-06 04:06:39,43000.0,bid
1559253,0.04,2017-12-06 04:06:39,43000.02,bid
1559254,0.50860004,2017-12-06 04:06:39,43003.2777,bid
1559255,0.16449102,2017-12-06 04:07:31,43003.2777,bid
1559256,0.30049399,2017-12-06 04:07:31,43016.99,bid
1559257,0.46493258,2017-12-06 04:07:34,43016.99,bid
1559258,0.46375977,2017-12-06 04:07:37,43016.99,bid
1559259,0.0011727999999999999,2017-12-06 04:07:37,43017.0,bid
1559260,1.23390236,2017-12-06 04:09:31,43017.0,bid
1559261,0.21492484,2017-12-06 04:09:40,43017.0,bid
1559262,0.23938362,2017-12-06 04:10:07,43059.4497,ask
1559263,0.34835559,2017-12-06 04:12:49,43059.4497,ask
1559264,0.12914882,2017-12-06 04:13:20,43059.4497,ask
1559265,0.029976,2017-12-06 04:15:50,43010.0,bid
1559266,0.20198799,2017-12-06 04:15:50,43125.0,bid
1559267,0.09280742,2017-12-06 04:27:54,43100.0,bid
1559268,0.04645,2017-12-06 04:29:51,43099.99,bid
1559269,0.00511115,2017-12-06 04:31:35,42542.0004,ask
1559270,0.00511115,2017-12-06 04:33:04,43099.9996,bid
1559271,0.00488885,2017-12-06 04:33:04,43100.0,bid
1559272,0.00671208,2017-12-06 04:39:56,43100.0,bid
1559273,0.05365322,2017-12-06 04:39:56,43125.0,bid
1559274,0.10435993,2017-12-06 04:46:53,43120.0,bid
1559275,0.05285671,2017-12-06 04:47:04,43120.0,bid
1559276,0.04694836,2017-12-06 04:47:43,43120.0,bid
1559277,0.01477164,2017-12-06 04:48:21,43100.0,ask
1559278,0.11898709,2017-12-06 04:50:17,43120.0,bid
1559279,0.03,2017-12-06 04:53:51,43121.01,ask
1559280,0.00162,2017-12-06 04:53:51,43121.0,ask
1559281,0.01476479,2017-12-06 04:57:34,43120.01,ask
1559282,0.03183521,2017-12-06 04:59:31,43120.01,ask
1559283,0.0467,2017-12-06 04:59:31,43100.01,ask
1559284,0.00497556,2017-12-06 05:08:41,42660.0246,ask
1559285,0.0049144,2017-12-06 05:14:55,42670.0035,ask
1559286,0.32656007,2017-12-06 05:14:55,42670.0,ask
1559287,0.07032150000000001,2017-12-06 05:14:55,42661.2008,ask
1559288,0.16,2017-12-06 05:14:55,42660.0322,ask
1559289,0.2,2017-12-06 05:14:55,42652.0,ask
1559290,0.41137705,2017-12-06 05:14:55,42540.0,ask
1559291,0.00187316,2017-12-06 05:32:14,42621.0041,ask
1559292,0.03,2017-12-06 05:44:36,42700.0006,ask
1559293,0.11692686,2017-12-06 05:44:36,42700.0,ask
1559294,0.439366,2017-12-06 05:44:36,42621.0104,ask
1559295,0.00491194,2017-12-06 05:49:19,43000.0404,bid
1559296,0.00359037,2017-12-06 05:49:43,43000.0405,bid
1559297,0.19985999999999998,2017-12-06 05:51:00,43000.0404,ask
1559298,0.01001,2017-12-06 05:52:37,43000.0405,bid
1559299,0.05670003,2017-12-06 05:53:52,43000.0405,bid
1559300,0.44123917,2017-12-06 05:53:52,43099.9696,bid
1559301,0.0020608000000000002,2017-12-06 05:53:52,43099.97,bid
1559302,0.01,2017-12-06 05:54:43,43099.97,bid
1559303,0.0,2017-12-06 05:56:04,43000.0404,ask
1559304,0.02,2017-12-06 05:56:08,43000.0404,ask
1559305,0.0,2017-12-06 05:56:23,43000.0404,ask
1559306,0.00659387,2017-12-06 05:58:05,43099.97,bid
1559307,0.1,2017-12-06 06:00:47,43000.055,ask
1559308,0.00582617,2017-12-06 06:02:03,43100.0,bid
1559309,0.00335373,2017-12-06 06:02:03,43100.0,bid
1559310,0.04308263,2017-12-06 06:03:48,43100.0,bid
1559311,0.01,2017-12-06 06:04:29,43100.0,ask
1559312,0.07069459,2017-12-06 06:05:30,43100.0,ask
1559313,0.001,2017-12-06 06:06:55,43123.9549,bid
1559314,0.12668601,2017-12-06 06:12:21,43000.0551,ask
1559315,0.04673039,2017-12-06 06:12:21,43000.055,ask
1559316,0.05914151,2017-12-06 06:12:21,43000.005,ask
1559317,0.04997,2017-12-06 06:13:04,43122.0,bid
1559318,0.00688727,2017-12-06 06:13:51,43122.0,bid
1559319,0.09523988,2017-12-06 06:14:22,43088.37,bid
1559320,0.02622581,2017-12-06 06:17:04,43088.0,bid
1559321,0.00927912,2017-12-06 06:20:04,42918.7,ask
1559322,0.00306716,2017-12-06 06:20:26,42700.01,ask
1559323,0.00808671,2017-12-06 06:22:39,43047.38,bid
1559324,0.006999999999999999,2017-12-06 06:29:21,42800.0001,ask
1559325,0.042626800000000006,2017-12-06 06:29:21,42800.0,ask
1559326,0.5351090999999999,2017-12-06 06:29:21,42750.1102,ask
1559327,0.58479381,2017-12-06 06:29:26,42750.1102,ask
1559328,0.18156413,2017-12-06 06:30:28,42750.1107,ask
1559329,0.012,2017-12-06 06:30:52,43084.97,bid
1559330,0.0334,2017-12-06 06:30:56,43084.97,bid
1559331,0.0454,2017-12-06 06:30:56,43084.98,bid
1559332,0.02,2017-12-06 06:30:56,43084.9995,bid
1559333,0.0069965,2017-12-06 06:30:56,43084.9995,bid
1559334,0.2,2017-12-06 06:30:56,43085.0,bid
1559335,0.03397521,2017-12-06 06:30:56,43087.0,bid
1559336,0.24038438,2017-12-06 06:30:56,43101.26,bid
1559337,0.00467835,2017-12-06 06:30:58,42750.1107,ask
1559338,0.00467782,2017-12-06 06:32:31,42755.0004,ask
1559339,0.033953,2017-12-06 06:32:35,43084.9691,bid
1559340,0.11604976,2017-12-06 06:33:38,43084.9675,bid
1559341,0.11682243,2017-12-06 06:35:36,42800.0,ask
1559342,0.00699301,2017-12-06 06:36:23,42900.0,ask
1559343,0.11627907,2017-12-06 06:36:31,43000.0,bid
1559344,0.011949600000000001,2017-12-06 06:37:20,42900.0009,ask
1559345,0.00489798,2017-12-06 06:37:24,43000.0,bid
1559346,0.00882295,2017-12-06 06:37:44,43000.0,bid
1559347,0.00114766,2017-12-06 06:37:44,43098.9984,bid
1559348,0.0,2017-12-06 06:42:16,42900.001,ask
1559349,0.04786108,2017-12-06 06:44:43,42921.0,ask
1559350,0.02,2017-12-06 06:46:46,43095.0,bid
1559351,0.43763336,2017-12-06 06:46:46,43098.9995,bid
1559352,0.00723618,2017-12-06 06:49:14,43050.0,bid
1559353,0.0025,2017-12-06 06:49:14,43100.0,bid
1559354,0.00187271,2017-12-06 06:49:14,43110.0,bid
1559355,0.07492635,2017-12-06 06:49:21,43110.0,bid
1559356,0.02,2017-12-06 06:49:21,43115.0,bid
1559357,0.16,2017-12-06 06:49:21,43116.9995,bid
1559358,0.09999,2017-12-06 06:49:21,43123.955,bid
1559359,0.00162,2017-12-06 06:49:22,43124.0,bid
1559360,0.05549758,2017-12-06 06:49:22,43125.0,bid
1559361,0.004,2017-12-06 06:51:01,43100.0,bid
1559362,0.05293481,2017-12-06 06:51:25,43100.0,bid
1559363,0.00382741,2017-12-06 06:51:25,43124.9988,bid
1559364,0.71858708,2017-12-06 06:51:25,43125.0,bid
1559365,0.2678429,2017-12-06 06:51:25,43175.9996,bid
1559366,0.45534419,2017-12-06 06:52:47,43175.9996,bid
1559367,0.56136664,2017-12-06 06:52:47,43176.0,bid
1559368,0.08431432,2017-12-06 06:53:07,43176.0,bid
1559369,0.11580508,2017-12-06 06:53:12,43176.0,bid
1559370,0.01133605,2017-12-06 06:53:45,43176.0,bid
1559371,0.38832589,2017-12-06 06:57:36,43176.0,bid
1559372,0.04672572,2017-12-06 06:58:43,43175.988,bid
1559373,0.27885202,2017-12-06 06:58:43,43176.0,bid
1559374,0.5449786,2017-12-06 06:58:43,43177.2723,bid
1559375,1.12944366,2017-12-06 06:58:43,43200.0,bid
1559376,0.01403247,2017-12-06 06:58:47,43200.0,bid
1559377,0.0093,2017-12-06 06:58:47,43269.31,bid
1559378,0.04591822,2017-12-06 06:58:47,43300.0,bid
1559379,0.24650874,2017-12-06 06:58:48,43300.0,bid
1559380,0.05,2017-12-06 06:59:10,43328.1,bid
1559381,0.04615562,2017-12-06 06:59:10,43331.6671,bid
1559382,0.01923562,2017-12-06 06:59:10,43336.0,bid
1559383,1.41076438,2017-12-06 07:01:50,43336.0,bid
1559384,0.00814803,2017-12-06 07:01:50,43350.0004,bid
1559385,0.03382737,2017-12-06 07:01:50,43450.0,bid
1559386,0.003,2017-12-06 07:01:50,43450.0,bid
1559387,0.57530536,2017-12-06 07:01:50,43455.1834,bid
1559388,4.31,2017-12-06 07:01:50,43476.91,bid
1559389,1.14966555,2017-12-06 07:01:50,43490.9091,bid
1559390,1.24,2017-12-06 07:01:50,43497.43,bid
1559391,1.42,2017-12-06 07:01:50,43498.0,bid
1559392,0.00388078,2017-12-06 07:01:50,43543.1818,bid
1559393,1.05,2017-12-06 07:01:50,43560.6,bid
1559394,1.4,2017-12-06 07:01:50,43561.0,bid
1559395,0.00721793,2017-12-06 07:01:58,43561.0,ask
1559396,1.55,2017-12-06 07:02:20,43561.0,ask
1559397,0.03,2017-12-06 07:02:28,43594.8068,bid
1559398,1.1469256,2017-12-06 07:02:28,43594.8069,bid
1559399,0.16906231,2017-12-06 07:02:28,43634.8,bid
1559400,0.02290179,2017-12-06 07:02:28,43664.7059,bid
1559401,0.0025,2017-12-06 07:02:40,43680.0,bid
1559402,0.97125522,2017-12-06 07:02:40,43683.0432,bid
1559403,0.00687854,2017-12-06 07:03:19,43613.9167,ask
1559404,1.98692146,2017-12-06 07:03:34,43600.0,bid
1559405,0.01921546,2017-12-06 07:03:44,43595.4545,ask
1559406,0.02288792,2017-12-06 07:03:57,43691.1765,bid
1559407,0.01524276,2017-12-06 07:03:57,43718.5408,bid
1559408,0.23632641,2017-12-06 07:03:57,43726.0,bid
1559409,0.0059325,2017-12-06 07:04:14,43600.0,ask
1559410,0.00917852,2017-12-06 07:04:38,43580.0,ask
1559411,0.091,2017-12-06 07:06:31,43725.9999,bid
1559412,0.019,2017-12-06 07:06:46,43725.9999,bid
1559413,0.21601686,2017-12-06 07:06:46,43726.0,bid
1559414,0.005,2017-12-06 07:06:54,43600.0,ask
1559415,0.045,2017-12-06 07:07:12,43600.0,ask
1559416,0.08038007,2017-12-06 07:07:12,43600.0,ask
1559417,0.02461993,2017-12-06 07:07:12,43600.0,ask
1559418,0.05,2017-12-06 07:08:43,43650.0,ask
1559419,0.00937,2017-12-06 07:09:02,43725.9,bid
1559420,0.0699715,2017-12-06 07:10:45,43725.9,bid
1559421,0.14498874,2017-12-06 07:11:22,43650.0122,ask
1559422,0.09329572,2017-12-06 07:11:22,43650.0,ask
1559423,0.00690939,2017-12-06 07:11:22,43419.1667,ask
1559424,0.11336699,2017-12-06 07:11:22,43386.3804,ask
1559425,0.04259696,2017-12-06 07:11:50,43386.3804,ask
1559426,0.00276534,2017-12-06 07:14:03,43700.0,bid
1559427,0.01123466,2017-12-06 07:14:20,43700.0,ask
1559428,0.04785954,2017-12-06 07:14:21,43700.0,bid
1559429,0.15596395,2017-12-06 07:14:21,43725.8876,bid
1559430,0.01742663,2017-12-06 07:14:21,43725.888,bid
1559431,0.05,2017-12-06 07:15:04,43725.0,bid
1559432,0.00125,2017-12-06 07:15:20,43725.0,ask
1559433,0.01472662,2017-12-06 07:16:01,43725.888,bid
1559434,0.06376972,2017-12-06 07:18:51,43700.0,bid
1559435,0.0,2017-12-06 07:20:32,43450.0005,ask
1559436,0.23576218,2017-12-06 07:20:32,43700.0,bid
1559437,0.11282099,2017-12-06 07:20:32,43725.888,bid
1559438,0.06278801,2017-12-06 07:20:32,43725.9,bid
1559439,0.73225387,2017-12-06 07:20:32,43726.0,bid
1559440,0.20540286,2017-12-06 07:20:44,43726.0,bid
1559441,0.06858591,2017-12-06 07:20:44,43740.7598,bid
1559442,0.04,2017-12-06 07:20:44,43880.0,bid
1559443,0.0092,2017-12-06 07:20:44,43887.62,bid
1559444,0.1,2017-12-06 07:20:44,43949.0,bid
1559445,0.10909118,2017-12-06 07:20:44,43950.0,bid
1559446,0.56851071,2017-12-06 07:20:44,43974.5455,bid
1559447,0.03797179,2017-12-06 07:20:44,43983.4781,bid
1559448,0.12975029,2017-12-06 07:20:53,43983.4781,bid
1559449,1.13657029,2017-12-06 07:21:00,43992.0,bid
1559450,0.00823989,2017-12-06 07:21:01,43990.3163,ask
1559451,0.00497104,2017-12-06 07:21:05,43990.3163,ask
1559452,0.51377401,2017-12-06 07:21:21,43990.3163,ask
1559453,0.63058484,2017-12-06 07:21:21,43450.0116,ask
1559454,1.15074768,2017-12-06 07:21:29,43450.0116,ask
1559455,0.00394217,2017-12-06 07:21:39,43450.0116,ask
1559456,0.30910335,2017-12-06 07:21:42,43450.0116,ask
1559457,0.00486861,2017-12-06 07:21:42,43450.0006,ask
1559458,0.5966561,2017-12-06 07:21:42,43450.0,ask
1559459,0.0524,2017-12-06 07:21:42,43388.02,ask
1559460,0.0524,2017-12-06 07:21:42,43388.01,ask
1559461,0.06,2017-12-06 07:21:42,43388.0,ask
1559462,0.03282936,2017-12-06 07:21:42,43386.3636,ask
1559463,0.03,2017-12-06 07:21:42,43355.0,ask
1559464,0.01287187,2017-12-06 07:21:42,43340.0,ask
1559465,0.0519,2017-12-06 07:21:54,43991.98,bid
1559466,1.08467032,2017-12-06 07:21:54,43991.9996,bid
1559467,0.01365456,2017-12-06 07:22:30,43991.9696,bid
1559468,0.99605316,2017-12-06 07:22:31,43991.9696,bid
1559469,0.0519,2017-12-06 07:22:31,43991.97,bid
1559470,0.00486618,2017-12-06 07:22:31,43991.9995,bid
1559471,0.08375167,2017-12-06 07:22:31,43992.0,bid
1559472,0.04546487,2017-12-06 07:24:58,43990.0,ask
1559473,0.06879315,2017-12-06 07:24:58,43609.0004,ask
1559474,0.06,2017-12-06 07:25:12,43990.0,bid
1559475,0.03,2017-12-06 07:25:12,43991.9999,bid
1559476,0.00404687,2017-12-06 07:25:12,43992.0,bid
1559477,0.06879315,2017-12-06 07:27:23,43991.9996,bid
1559478,0.15563117,2017-12-06 07:27:44,43992.0,bid
1559479,0.05681818,2017-12-06 07:27:54,44000.0,bid
1559480,0.03403475,2017-12-06 07:27:54,44000.0,bid
1559481,0.02456701,2017-12-06 07:28:06,44000.0,bid
1559482,0.0029865,2017-12-06 07:28:19,44000.0,bid
1559483,0.00610441,2017-12-06 07:28:19,44000.0,bid
1559484,0.03389559,2017-12-06 07:29:21,44000.0,bid
1559485,0.18863636,2017-12-06 07:29:21,44000.0,bid
1559486,0.0136,2017-12-06 07:29:21,44000.0,bid
1559487,0.07960161,2017-12-06 07:29:21,44000.0,bid
1559488,0.10036985,2017-12-06 07:29:21,44000.0,bid
1559489,0.0,2017-12-06 07:29:21,44000.0,ask
1559490,0.0,2017-12-06 07:29:21,44000.0,ask
1559491,0.0,2017-12-06 07:29:21,44000.0,ask
1559492,0.01402683,2017-12-06 07:29:41,44080.9998,bid
1559493,0.14135236,2017-12-06 07:29:58,44080.9998,ask
1559494,0.01340909,2017-12-06 07:30:26,44000.0,ask
1559495,0.095,2017-12-06 07:30:33,44100.0,bid
1559496,0.0025,2017-12-06 07:30:33,44100.0,bid
1559497,0.13909788,2017-12-06 07:30:54,44120.0,ask
1559498,0.06090212,2017-12-06 07:30:56,44120.0,bid
1559499,0.02612353,2017-12-06 07:30:56,44123.44,bid
1559500,0.00108531,2017-12-06 07:31:21,44186.8621,bid
1559501,0.13918209,2017-12-06 07:31:52,44261.0,bid
1559502,0.01,2017-12-06 07:32:09,44249.9999,bid
1559503,0.2,2017-12-06 07:32:09,44250.0,bid
1559504,0.91971487,2017-12-06 07:32:09,44261.0,bid
1559505,0.00891469,2017-12-06 07:32:12,44186.8621,ask
1559506,0.08478545,2017-12-06 07:32:12,44150.0,ask
1559507,0.05366128,2017-12-06 07:32:17,44261.0,bid
1559508,0.24744176,2017-12-06 07:32:20,44261.0,bid
1559509,0.39525646,2017-12-06 07:32:20,44275.0,bid
1559510,0.04626884,2017-12-06 07:32:20,44299.0005,bid
1559511,0.1,2017-12-06 07:32:20,44311.0,bid
1559512,0.33981525,2017-12-06 07:32:20,44339.496,bid
1559513,0.01521455,2017-12-06 07:32:59,44150.0,ask
1559514,0.03338117,2017-12-06 07:32:59,44000.0,ask
1559515,0.23407285,2017-12-06 07:32:59,43812.0,ask
1559516,0.86049074,2017-12-06 07:32:59,43701.0009,ask
1559517,0.006,2017-12-06 07:33:17,44339.0,bid
1559518,0.106,2017-12-06 07:33:17,44339.496,bid
1559519,0.0,2017-12-06 07:33:29,43702.0,ask
1559520,0.2,2017-12-06 07:33:58,43702.0,ask
1559521,0.14503898,2017-12-06 07:33:58,43701.0009,bid
1559522,0.05012505,2017-12-06 07:33:59,43701.0009,bid
1559523,0.54581252,2017-12-06 07:34:05,43701.0009,bid
1559524,0.00174743,2017-12-06 07:34:24,43800.0,bid
1559525,0.1,2017-12-06 07:35:44,43701.0014,ask
1559526,0.027045999999999997,2017-12-06 07:36:10,43800.0,bid
1559527,0.0,2017-12-06 07:36:39,43701.0014,ask
1559528,1.50466582,2017-12-06 07:37:46,44187.9996,bid
1559529,0.2,2017-12-06 07:37:46,44188.0,bid
1559530,0.11315033,2017-12-06 07:37:54,44188.9996,ask
1559531,0.1,2017-12-06 07:39:14,44200.0,ask
1559532,0.59659643,2017-12-06 07:39:39,44200.0,ask
1559533,0.06779661,2017-12-06 07:40:49,44250.0,ask
1559534,0.13220339,2017-12-06 07:41:29,44250.0,ask
1559535,0.086484,2017-12-06 07:44:40,44200.0,ask
1559536,0.00371124,2017-12-06 07:44:54,44200.0,bid
1559537,0.02516002,2017-12-06 07:44:54,44200.0,bid
1559538,0.01118896,2017-12-06 07:46:05,44240.0,bid
1559539,0.07641312,2017-12-06 07:46:54,44240.0,bid
1559540,0.002101,2017-12-06 07:46:54,44200.0,ask
1559541,0.04515005,2017-12-06 07:47:32,44200.0,bid
1559542,0.062119799999999996,2017-12-06 07:47:57,44200.0,bid
1559543,0.05837578,2017-12-06 07:48:56,44200.0,bid
1559544,0.01248147,2017-12-06 07:49:55,44200.0,bid
1559545,0.1,2017-12-06 07:50:41,44200.0,bid
1559546,0.1477558,2017-12-06 07:51:32,44188.9996,ask
1559547,0.01127,2017-12-06 07:51:53,44200.0,bid
1559548,0.07113424,2017-12-06 07:52:12,44188.9996,ask
1559549,0.03303021,2017-12-06 07:52:17,44188.9996,bid
1559550,0.14330271,2017-12-06 07:52:25,44188.9996,bid
1559551,0.0829,2017-12-06 07:53:19,44189.0,ask
1559552,0.01889911,2017-12-06 07:53:19,44188.9996,ask
1559553,0.007623899999999999,2017-12-06 07:54:02,44188.9996,ask
1559554,0.00768473,2017-12-06 07:54:24,44189.0,bid
1559555,0.11960742,2017-12-06 07:54:24,44200.0,bid
1559556,0.01613832,2017-12-06 07:54:43,44288.9996,bid
1559557,0.01721949,2017-12-06 07:54:55,44288.9996,bid
1559558,0.03968106,2017-12-06 07:54:55,44290.0,bid
1559559,0.06031894,2017-12-06 07:56:08,44290.0,bid
1559560,0.05252592,2017-12-06 07:56:08,44330.0,bid
1559561,0.04747408,2017-12-06 07:56:35,44330.0,bid
1559562,0.14458936,2017-12-06 07:56:35,44399.988,bid
1559563,0.1,2017-12-06 07:56:35,44400.0,bid
1559564,0.27027027,2017-12-06 07:56:35,44400.0,bid
1559565,0.11264438,2017-12-06 07:56:35,44404.0,bid
1559566,0.45042329,2017-12-06 07:56:35,44477.8227,bid
1559567,0.00814024,2017-12-06 07:56:51,44441.6667,ask
1559568,0.00086032,2017-12-06 07:58:02,44441.6667,ask
1559569,0.00741368,2017-12-06 07:58:02,44373.3333,ask
1559570,0.05893076,2017-12-06 07:58:17,44477.8227,bid
1559571,0.00160074,2017-12-06 07:58:29,44373.3333,ask
1559572,0.00451976,2017-12-06 07:58:46,44250.0,ask
1559573,0.6741929,2017-12-06 07:58:46,44201.0004,ask
1559574,0.04269284,2017-12-06 07:58:59,44477.8223,bid
1559575,0.149,2017-12-06 08:00:23,44210.0,ask
1559576,0.0171402,2017-12-06 08:00:23,44209.0,ask
1559577,0.00225134,2017-12-06 08:02:36,44418.019,bid
1559578,0.00795233,2017-12-06 08:03:15,44240.0006,ask
1559579,0.01,2017-12-06 08:03:18,44418.0,bid
1559580,0.04052416,2017-12-06 08:04:07,44417.9999,bid
1559581,0.10619469999999999,2017-12-06 08:05:08,44417.9999,bid
1559582,0.01578464,2017-12-06 08:05:08,44417.9999,bid
1559583,0.01204868,2017-12-06 08:06:05,44417.9999,bid
1559584,0.03085352,2017-12-06 08:06:05,44430.0,bid
1559585,0.0632024,2017-12-06 08:06:45,44430.0,bid
1559586,0.04106569,2017-12-06 08:06:48,44417.0002,ask
1559587,0.37,2017-12-06 08:06:49,44400.0,bid
1559588,0.00483354,2017-12-06 08:07:09,44289.0105,ask
1559589,0.31179809999999997,2017-12-06 08:07:09,44289.0104,ask
1559590,0.001,2017-12-06 08:07:41,44400.0,bid
1559591,0.25793431,2017-12-06 08:09:23,44400.0,bid
1559592,0.01724065,2017-12-06 08:09:23,44430.0,bid
1559593,0.2,2017-12-06 08:09:25,44302.0004,ask
1559594,0.2,2017-12-06 08:09:35,44302.5,ask
1559595,0.00452112,2017-12-06 08:09:35,44302.0,ask
1559596,0.04514555,2017-12-06 08:09:35,44301.1526,ask
1559597,0.2,2017-12-06 08:09:35,44301.15,ask
1559598,0.11589294,2017-12-06 08:09:35,44300.1,ask
1559599,0.2,2017-12-06 08:09:46,44490.0,bid
1559600,0.00483113,2017-12-06 08:09:46,44498.9999,bid
1559601,0.27,2017-12-06 08:09:46,44499.0,bid
1559602,0.006,2017-12-06 08:09:46,44500.0,bid
1559603,0.001,2017-12-06 08:09:46,44500.0,bid
1559604,0.02563656,2017-12-06 08:09:46,44500.0,bid
1559605,0.0963855,2017-12-06 08:09:46,44505.0,bid
1559606,0.1347784,2017-12-06 08:09:46,44512.0,bid
1559607,0.22471910000000003,2017-12-06 08:09:53,44489.0,bid
1559608,0.1442889,2017-12-06 08:10:00,44489.0,bid
1559609,0.030992000000000002,2017-12-06 08:10:03,44489.0,bid
1559610,0.06741725,2017-12-06 08:10:36,44499.0,bid
1559611,0.083327,2017-12-06 08:10:36,44500.0,bid
1559612,0.14347918,2017-12-06 08:10:37,44499.9996,ask
1559613,1.00777131,2017-12-06 08:10:43,44499.9996,bid
1559614,0.48667299999999997,2017-12-06 08:10:43,44500.0,bid
1559615,0.32991104,2017-12-06 08:10:59,44512.0,bid
1559616,0.03531056,2017-12-06 08:11:13,44512.0,bid
1559617,0.05,2017-12-06 08:11:35,44512.0,ask
1559618,0.25881363,2017-12-06 08:11:37,44512.8636,bid
1559619,0.02023274,2017-12-06 08:11:48,44512.8636,bid
1559620,0.001,2017-12-06 08:11:50,44512.8636,bid
1559621,0.28158903,2017-12-06 08:12:04,44512.8636,bid
1559622,0.89827083,2017-12-06 08:12:17,44530.0,bid
1559623,0.19860561,2017-12-06 08:12:21,44530.0,bid
1559624,0.7610829000000001,2017-12-06 08:13:03,44520.0,bid
1559625,0.06132489,2017-12-06 08:13:04,44520.0,ask
1559626,0.00224568,2017-12-06 08:13:11,44530.0,bid
1559627,0.11230907,2017-12-06 08:13:18,44520.0,ask
1559628,0.78341867,2017-12-06 08:13:26,44520.0,ask
1559629,0.15,2017-12-06 08:13:26,44520.0,ask
1559630,0.07737691,2017-12-06 08:13:26,44512.0,ask
1559631,0.001,2017-12-06 08:13:51,44530.0,bid
1559632,0.01923295,2017-12-06 08:13:58,44512.0,ask
1559633,0.00561798,2017-12-06 08:13:58,44500.0,ask
1559634,0.05,2017-12-06 08:13:58,44500.0,ask
1559635,0.8240203000000001,2017-12-06 08:13:58,44499.9996,ask
1559636,0.02760768,2017-12-06 08:14:01,44530.0,bid
1559637,0.22227020000000003,2017-12-06 08:14:20,44530.0,bid
1559638,0.49372842,2017-12-06 08:14:20,44558.9091,bid
1559639,0.00704141,2017-12-06 08:14:20,44583.4297,bid
1559640,0.0803238,2017-12-06 08:14:20,44583.4301,bid
1559641,0.19663617,2017-12-06 08:14:20,44591.4385,bid
1559642,0.053978599999999995,2017-12-06 08:14:27,44499.9996,ask
1559643,0.001,2017-12-06 08:14:32,44529.0,bid
1559644,0.035,2017-12-06 08:14:35,44529.0,bid
1559645,0.36400957,2017-12-06 08:14:35,44591.4385,bid
1559646,0.08284197,2017-12-06 08:14:35,44600.0,bid
1559647,0.00213204,2017-12-06 08:15:04,44699.0,bid
1559648,0.03142576,2017-12-06 08:15:20,44699.0,bid
1559649,0.03568904,2017-12-06 08:15:20,44700.0,bid
1559650,0.038,2017-12-06 08:15:41,44699.0,ask
1559651,0.05637952,2017-12-06 08:15:50,44699.0,ask
1559652,0.4053205,2017-12-06 08:15:53,44699.0,ask
1559653,0.40179782,2017-12-06 08:15:53,44610.0,ask
1559654,0.02131991,2017-12-06 08:16:16,44700.0,bid
1559655,0.001,2017-12-06 08:16:29,44699.0,bid
1559656,0.09661367,2017-12-06 08:16:57,44698.0,bid
1559657,0.029866000000000004,2017-12-06 08:17:26,44610.0,ask
1559658,0.68916111,2017-12-06 08:17:37,44610.0,ask
1559659,0.001,2017-12-06 08:17:46,44610.0,bid
1559660,0.63898472,2017-12-06 08:18:06,44609.549000000006,ask
1559661,0.40533632,2017-12-06 08:18:06,44600.0,ask
1559662,0.07670438,2017-12-06 08:18:06,44550.0,ask
1559663,0.00619562,2017-12-06 08:18:40,44550.0,ask
1559664,0.06380438,2017-12-06 08:18:49,44550.0,bid
1559665,0.00145709,2017-12-06 08:18:49,44609.549000000006,bid
1559666,0.00199853,2017-12-06 08:18:49,44609.549000000006,bid
1559667,0.02885271,2017-12-06 08:18:59,44500.0,ask
1559668,0.001,2017-12-06 08:19:10,44550.001,ask
1559669,0.00640894,2017-12-06 08:19:12,44609.549000000006,bid
1559670,1.0,2017-12-06 08:19:19,44555.0,ask
1559671,0.16656699,2017-12-06 08:19:31,44556.0,ask
1559672,1.06343301,2017-12-06 08:19:31,44555.0,ask
1559673,0.04543628,2017-12-06 08:19:53,44555.0,ask
1559674,0.05115433,2017-12-06 08:19:56,44555.0,ask
1559675,0.005,2017-12-06 08:20:07,44555.0,ask
1559676,0.02,2017-12-06 08:20:12,44555.0,ask
1559677,0.02885271,2017-12-06 08:20:14,44607.9996,bid
1559678,0.00500182,2017-12-06 08:20:14,44608.0,bid
1559679,0.16656699,2017-12-06 08:20:14,44609.0,bid
1559680,0.01735094,2017-12-06 08:20:15,44609.0,bid
1559681,0.95900901,2017-12-06 08:20:15,44609.54,bid
1559682,0.05166748,2017-12-06 08:20:22,44555.0,ask
1559683,0.02,2017-12-06 08:20:41,44555.0,ask
1559684,0.01,2017-12-06 08:21:21,44609.549000000006,bid
1559685,0.01,2017-12-06 08:21:39,44609.549000000006,bid
1559686,0.97159253,2017-12-06 08:21:41,44609.549000000006,bid
1559687,0.03715973,2017-12-06 08:21:41,44610.0,bid
1559688,0.00144,2017-12-06 08:21:56,44605.0,bid
1559689,1.1222085,2017-12-06 08:22:00,44555.0004,ask
1559690,0.11587367,2017-12-06 08:22:20,44605.0,bid
1559691,0.27267916,2017-12-06 08:22:20,44610.0,bid
1559692,0.5081201,2017-12-06 08:22:20,44610.0,bid
1559693,0.07374755,2017-12-06 08:22:35,44555.0004,ask
1559694,0.11442239,2017-12-06 08:22:44,44610.0,bid
1559695,0.149,2017-12-06 08:23:22,44555.0008,ask
1559696,0.13868162,2017-12-06 08:23:22,44555.0,ask
1559697,0.1220011,2017-12-06 08:23:22,44499.9996,ask
1559698,0.71379783,2017-12-06 08:23:22,44485.0,ask
1559699,0.2,2017-12-06 08:24:00,44555.0012,ask
1559700,0.361175,2017-12-06 08:24:03,44610.0,bid
1559701,0.03600985,2017-12-06 08:26:51,44600.0,ask
1559702,0.00959589,2017-12-06 08:26:57,44691.0,bid
1559703,0.11187935,2017-12-06 08:27:11,44691.0,bid
1559704,0.02749496,2017-12-06 08:28:20,44691.0,bid
1559705,0.0325578,2017-12-06 08:28:29,44699.0,bid
1559706,0.029985,2017-12-06 08:28:29,44700.0,bid
1559707,0.03934222,2017-12-06 08:28:29,44702.388,bid
1559708,0.13,2017-12-06 08:28:55,44702.4,bid
1559709,0.09423278,2017-12-06 08:28:55,44802.0,bid
1559710,0.8905274999999999,2017-12-06 08:28:55,44879.9966,bid
1559711,0.50542855,2017-12-06 08:29:16,44879.9966,bid
1559712,0.14299105,2017-12-06 08:29:19,44880.0,bid
1559713,0.004246,2017-12-06 08:29:19,44900.0,bid
1559714,0.08284197,2017-12-06 08:29:19,44950.0,bid
1559715,0.02446874,2017-12-06 08:29:19,44960.0,bid
1559716,0.85708694,2017-12-06 08:29:19,44999.0,bid
1559717,0.08380681,2017-12-06 08:29:35,44999.0,bid
1559718,0.06010625,2017-12-06 08:29:43,44999.0,bid
1559719,0.05,2017-12-06 08:29:43,44999.0,bid
1559720,0.50012497,2017-12-06 08:29:43,44999.0,bid
1559721,0.50089345,2017-12-06 08:29:43,45000.0,bid
1559722,0.03334074,2017-12-06 08:29:49,44990.0,bid
1559723,0.00295048,2017-12-06 08:29:51,44999.0,ask
1559724,0.00927776,2017-12-06 08:29:51,45000.0,bid
1559725,0.00295472,2017-12-06 08:29:55,44999.0,ask
1559726,0.00219069,2017-12-06 08:29:59,44999.0,ask
1559727,0.10120939999999999,2017-12-06 08:30:18,44999.0,ask
1559728,0.02690388,2017-12-06 08:30:18,45000.0,bid
1559729,0.11111358,2017-12-06 08:30:25,44999.0,ask
1559730,0.022917700000000003,2017-12-06 08:30:34,44999.0,ask
1559731,0.03,2017-12-06 08:30:43,44999.9,bid
1559732,0.00333341,2017-12-06 08:30:46,44999.9,bid
1559733,0.24111103,2017-12-06 08:30:46,45000.0,bid
1559734,0.003,2017-12-06 08:31:39,44999.0,ask
1559735,0.76421743,2017-12-06 08:31:53,44999.0,ask
1559736,0.00445366,2017-12-06 08:31:53,44906.8858,ask
1559737,0.0829,2017-12-06 08:31:53,44800.0,ask
1559738,0.03927009,2017-12-06 08:31:53,44780.0221,ask
1559739,0.00893256,2017-12-06 08:31:53,44780.0108,ask
1559740,0.10176108,2017-12-06 08:31:53,44600.0004,ask
1559741,0.1,2017-12-06 08:32:45,44999.0,ask
1559742,0.3699491,2017-12-06 08:32:45,44601.0004,ask
1559743,0.14376555,2017-12-06 08:33:27,44979.888,bid
1559744,0.04514555,2017-12-06 08:33:27,44979.9974,bid
1559745,0.10176108,2017-12-06 08:33:27,44979.9996,bid
1559746,1.0,2017-12-06 08:33:27,44980.0,bid
1559747,0.0036634999999999997,2017-12-06 08:33:27,44999.0,bid
1559748,0.03333341,2017-12-06 08:33:27,44999.9,bid
1559749,0.22181388,2017-12-06 08:33:27,45000.0,bid
1559750,0.03233434,2017-12-06 08:33:28,45000.0,bid
1559751,0.28947211,2017-12-06 08:33:28,45000.0,bid
1559752,0.55555556,2017-12-06 08:33:28,45000.0,bid
1559753,0.44737744,2017-12-06 08:33:28,45000.0,bid
1559754,0.55555556,2017-12-06 08:33:28,45000.0,bid
1559755,0.55555556,2017-12-06 08:33:28,45000.0,bid
1559756,0.20350177,2017-12-06 08:33:28,45000.0,bid
1559757,0.01260419,2017-12-06 08:34:19,44999.9996,bid
1559758,0.00212013,2017-12-06 08:34:53,44949.9996,bid
1559759,0.00243815,2017-12-06 08:35:42,44949.9996,bid
1559760,0.04449388,2017-12-06 08:35:42,44949.9996,bid
1559761,0.06296855,2017-12-06 08:38:08,44730.0,ask
1559762,0.02120134,2017-12-06 08:38:43,44949.9896,bid
1559763,0.02226095,2017-12-06 08:40:14,44949.9896,ask
1559764,0.17366327,2017-12-06 08:40:14,44949.9896,ask
1559765,0.25684298,2017-12-06 08:40:23,44949.9896,bid
1559766,0.21245199,2017-12-06 08:40:23,44950.0,bid
1559767,0.28709141,2017-12-06 08:40:28,44949.9996,bid
1559768,0.28754801,2017-12-06 08:40:28,44950.0,bid
1559769,0.05,2017-12-06 08:40:28,44950.0,bid
1559770,0.04,2017-12-06 08:40:42,44950.0,ask
1559771,0.06950958,2017-12-06 08:40:42,44950.0,ask
1559772,0.235014,2017-12-06 08:41:02,44800.1,ask
1559773,1.6e-07,2017-12-06 08:41:05,44800.1,ask
1559774,0.21596809,2017-12-06 08:41:05,44800.0,ask
1559775,0.00523542,2017-12-06 08:41:22,44950.0,bid
1559776,0.00586458,2017-12-06 08:41:22,44999.9,bid
1559777,0.22321429,2017-12-06 08:41:23,44800.0,ask
1559778,0.024,2017-12-06 08:42:06,44800.0,ask
1559779,0.05,2017-12-06 08:42:42,44800.0,ask
1559780,0.1,2017-12-06 08:42:50,44900.0,bid
1559781,0.00608823,2017-12-06 08:42:50,44949.9,bid
1559782,0.01484828,2017-12-06 08:43:10,44800.0,ask
1559783,0.03584909,2017-12-06 08:43:41,44800.0,ask
1559784,0.00554739,2017-12-06 08:44:10,44800.0001,ask
1559785,0.35102025,2017-12-06 08:44:10,44800.0,ask
1559786,0.0068,2017-12-06 08:44:47,44900.0,bid
1559787,0.0022,2017-12-06 08:46:05,44899.9,bid
1559788,0.1,2017-12-06 08:47:20,44799.0,bid
1559789,0.005,2017-12-06 08:47:20,44800.0,bid
1559790,0.00554461,2017-12-06 08:47:20,44898.9999,bid
1559791,0.06295595,2017-12-06 08:47:20,44899.0,bid
1559792,0.3,2017-12-06 08:47:20,44899.0,bid
1559793,0.22667893,2017-12-06 08:47:20,44899.9,bid
1559794,0.0932,2017-12-06 08:47:20,44900.0,bid
1559795,0.32045105,2017-12-06 08:47:20,44900.0,bid
1559796,0.01755037,2017-12-06 08:47:23,44702.999,ask
1559797,0.11135857,2017-12-06 08:47:35,44900.0,bid
1559798,0.30604692,2017-12-06 08:47:49,44900.0,bid
1559799,0.33,2017-12-06 08:47:49,44900.0,bid
1559800,0.3,2017-12-06 08:47:49,44929.0,bid
1559801,0.17722665,2017-12-06 08:47:49,44930.0,bid
1559802,0.08902738,2017-12-06 08:48:00,44930.0,bid
1559803,0.51273551,2017-12-06 08:48:10,44930.0,bid
1559804,0.2,2017-12-06 08:48:10,44950.0,bid
1559805,0.05,2017-12-06 08:48:10,45000.0,bid
1559806,0.08888889,2017-12-06 08:48:10,45000.0,bid
1559807,0.004979,2017-12-06 08:48:10,45000.0,bid
1559808,0.02381818,2017-12-06 08:48:10,45000.0,bid
1559809,0.23170934,2017-12-06 08:48:10,45000.0,bid
1559810,0.00444444,2017-12-06 08:48:22,45000.0,bid
1559811,0.35205379,2017-12-06 08:48:22,45000.0,bid
1559812,0.03220966,2017-12-06 08:48:22,45000.0,bid
1559813,0.65717955,2017-12-06 08:48:22,45000.0,bid
1559814,0.06514405,2017-12-06 08:48:22,45055.0,bid
1559815,0.14959494,2017-12-06 08:48:28,45055.0,bid
1559816,0.1,2017-12-06 08:48:44,44705.0,ask
1559817,0.01547538,2017-12-06 08:48:44,44702.999,ask
1559818,1.0040689,2017-12-06 08:48:44,44656.0034,ask
1559819,1.09503409,2017-12-06 08:48:50,44656.0034,ask
1559820,0.0246362,2017-12-06 08:48:50,44656.0,ask
1559821,0.23594588,2017-12-06 08:48:54,44706.0,ask
1559822,0.3053638,2017-12-06 08:48:54,44656.0,ask
1559823,0.08527378,2017-12-06 08:48:54,44655.0,ask
1559824,0.49285664,2017-12-06 08:48:54,44653.1001,ask
1559825,0.33,2017-12-06 08:49:07,44657.0,ask
1559826,0.04478681,2017-12-06 08:49:07,44656.0026,ask
1559827,0.62688644,2017-12-06 08:49:07,44653.1001,ask
1559828,0.11814949999999999,2017-12-06 08:49:07,44611.0,ask
1559829,0.01292088,2017-12-06 08:49:35,45053.0,bid
1559830,0.00561032,2017-12-06 08:49:35,44700.0,ask
1559831,1.09619888,2017-12-06 08:49:35,44700.0,ask
1559832,0.01679247,2017-12-06 08:49:35,44611.0,ask
1559833,0.00488314,2017-12-06 08:49:44,44611.0,ask
1559834,1.11606677,2017-12-06 08:49:44,44605.0,ask
1559835,0.03806839,2017-12-06 08:49:48,44605.0,ask
1559836,1.0,2017-12-06 08:49:48,44600.0,ask
1559837,0.08318823,2017-12-06 08:49:48,44501.0,ask
1559838,0.22297781,2017-12-06 08:50:05,44999.9,bid
1559839,0.8881338,2017-12-06 08:50:05,44999.9996,bid
1559840,0.13284463,2017-12-06 08:50:14,44612.01,ask
1559841,0.04478681,2017-12-06 08:50:22,44999.997,bid
1559842,1.06632431,2017-12-06 08:50:22,44999.9996,bid
1559843,0.03333407,2017-12-06 08:50:30,44999.9,ask
1559844,0.07892725,2017-12-06 08:50:42,44999.9,ask
1559845,0.03246831,2017-12-06 08:50:42,44606.0,ask
1559846,0.13283135,2017-12-06 08:50:53,44998.0,ask
1559847,0.18547385,2017-12-06 08:51:06,44999.9,bid
1559848,0.14464488,2017-12-06 08:51:06,44999.9996,bid
1559849,0.78099279,2017-12-06 08:51:06,45000.0,bid
1559850,0.008967200000000002,2017-12-06 08:51:10,44607.0,ask
1559851,0.02845905,2017-12-06 08:51:35,44999.0,bid
1559852,0.00888928,2017-12-06 08:52:31,44997.9999,bid
1559853,0.00896541,2017-12-06 08:53:31,44997.9,bid
1559854,0.1,2017-12-06 08:53:40,44997.9,ask
1559855,0.00517415,2017-12-06 08:54:18,44997.9,ask
1559856,0.035749800000000005,2017-12-06 08:55:14,44950.0,bid
1559857,0.01,2017-12-06 08:56:08,44900.0,bid
1559858,0.00212723,2017-12-06 08:56:33,44800.0,bid
1559859,0.04429738,2017-12-06 08:57:19,44800.0,bid
1559860,0.02857539,2017-12-06 08:58:18,44800.0,bid
1559861,0.00711087,2017-12-06 08:58:18,44945.0,bid
1559862,0.07814586,2017-12-06 08:58:19,44945.0,bid
1559863,0.03309754,2017-12-06 08:58:19,44950.0,bid
1559864,0.04594365,2017-12-06 08:59:12,44715.0004,ask
1559865,0.02895323,2017-12-06 08:59:35,44900.0004,bid
1559866,0.01090838,2017-12-06 09:00:44,44900.0,bid
1559867,0.44721719,2017-12-06 09:01:55,44721.0004,ask
1559868,0.01800018,2017-12-06 09:01:58,44900.0,bid
1559869,0.00231014,2017-12-06 09:02:20,44899.1112,bid
1559870,0.0044026000000000004,2017-12-06 09:03:02,44899.0,bid
1559871,0.006999999999999999,2017-12-06 09:03:13,44800.0,ask
1559872,0.001,2017-12-06 09:03:17,44800.0,ask
1559873,0.01390639,2017-12-06 09:03:40,44730.0,ask
1559874,0.76165065,2017-12-06 09:03:41,44721.1116,ask
1559875,0.28187875,2017-12-06 09:04:54,44722.0004,ask
1559876,0.34691279999999997,2017-12-06 09:05:21,44722.0004,ask
1559877,0.14884388,2017-12-06 09:06:08,44726.0,ask
1559878,0.08843,2017-12-06 09:06:12,44726.0,bid
1559879,0.02393294,2017-12-06 09:06:17,44726.0,bid
1559880,0.11076689,2017-12-06 09:06:27,44722.2004,ask
1559881,0.14683623,2017-12-06 09:06:42,44722.2004,ask
1559882,0.00893387,2017-12-06 09:06:43,44722.2,bid
1559883,0.09794349,2017-12-06 09:06:55,44673.123,ask
1559884,0.09759591,2017-12-06 09:08:18,44678.0,ask
1559885,0.0030968000000000002,2017-12-06 09:08:18,44673.2,ask
1559886,0.09992999999999999,2017-12-06 09:08:49,44750.9999,bid
1570199,0.05,2017-12-07 20:45:19,56101.0,bid
1570200,0.1,2017-12-07 20:45:19,56197.0,bid
1570201,0.00925192,2017-12-07 20:45:19,56197.9999,bid
1570202,0.09212388,2017-12-07 20:45:19,56198.0,bid
1570203,0.10342741,2017-12-07 20:45:19,56198.9996,bid
1570204,0.01098204,2017-12-07 20:45:50,56099.0,ask
1570205,0.07234048,2017-12-07 20:46:22,56150.0,bid
1570206,0.1,2017-12-07 20:46:22,56198.0,bid
1570207,0.71741992,2017-12-07 20:46:22,56198.9996,bid
1570208,0.35587822,2017-12-07 20:47:14,56198.9996,bid
1570209,0.04953674,2017-12-07 20:47:19,56184.45,ask
1570210,0.16752372,2017-12-07 20:47:19,56100.0,ask
1570211,0.46641459,2017-12-07 20:47:19,56084.45,ask
1570212,0.04953674,2017-12-07 20:47:34,56184.45,bid
1570213,0.03865576,2017-12-07 20:47:34,56198.9996,bid
1570214,0.020074,2017-12-07 20:47:35,56198.9996,bid
1570215,0.14949188,2017-12-07 20:48:22,56084.45,ask
1570216,0.04953674,2017-12-07 20:48:35,56184.45,bid
1570217,0.1,2017-12-07 20:48:35,56198.0,bid
1570218,0.26282384,2017-12-07 20:48:35,56198.9996,bid
1570219,0.29996012,2017-12-07 20:48:35,56199.0,bid
1570220,0.1773863,2017-12-07 20:48:35,56200.0,bid
1570221,0.05,2017-12-07 20:49:17,56184.45,ask
1570222,0.07,2017-12-07 20:49:17,56184.45,ask
1570223,0.029996699999999998,2017-12-07 20:49:46,56184.45,ask
1570224,0.07795524,2017-12-07 20:49:48,56184.45,ask
1570225,0.00101175,2017-12-07 20:50:09,56184.45,bid
1570226,0.03520107,2017-12-07 20:50:41,56084.4501,ask
1570227,0.11533758,2017-12-07 20:50:53,56084.4501,ask
1570228,0.05,2017-12-07 20:51:36,56084.45,bid
1570229,0.45,2017-12-07 20:51:48,56084.45,ask
1570230,1.34,2017-12-07 20:51:48,56074.14,ask
1570231,0.012,2017-12-07 20:52:09,56074.14,bid
1570232,0.00196432,2017-12-07 20:54:20,55999.0,bid
1570233,0.02317127,2017-12-07 20:54:20,56049.9,bid
1570234,0.00892061,2017-12-07 20:54:35,56049.9,bid
1570235,0.00269622,2017-12-07 20:55:01,56000.0,bid
1570236,0.06790812,2017-12-07 20:55:01,56049.9,bid
1570237,0.32265336,2017-12-07 20:55:01,56050.0,bid
1570238,0.06051894,2017-12-07 20:55:01,56072.0,bid
1570239,0.19937479,2017-12-07 20:55:01,56072.0,bid
1570240,0.00328022,2017-12-07 20:55:08,56073.0,ask
1570241,0.04014397,2017-12-07 20:55:29,56073.0,ask
1570242,0.01782706,2017-12-07 20:56:13,56074.14,bid
1570243,0.04458394,2017-12-07 20:56:57,56074.0,ask
1570244,0.16942201,2017-12-07 20:56:57,56073.0,ask
1570245,0.005013,2017-12-07 20:57:08,56074.14,bid
1570246,0.12387461,2017-12-07 20:57:17,56074.14,bid
1570247,0.02629532,2017-12-07 20:57:40,56073.0,ask
1570248,0.0082,2017-12-07 20:58:16,56049.99,ask
1570249,0.009955,2017-12-07 20:58:17,56073.0,bid
1570250,0.05128533,2017-12-07 20:58:17,56074.14,bid
1570251,0.016,2017-12-07 20:58:22,56074.14,ask
1570252,0.13091151,2017-12-07 20:58:22,55861.0,ask
1570253,0.00227037,2017-12-07 20:58:22,55860.0,ask
1570254,0.075,2017-12-07 20:58:22,55854.0,ask
1570255,0.1642384,2017-12-07 20:58:22,55853.0,ask
1570256,0.54337972,2017-12-07 20:58:22,55837.0304,ask
1570257,0.00987955,2017-12-07 20:59:09,55862.0,ask
1570258,0.001,2017-12-07 21:00:10,55998.0,bid
1570259,0.00638482,2017-12-07 21:00:38,55997.0,bid
1570260,0.07054126,2017-12-07 21:00:56,55990.0,bid
1570261,0.0119,2017-12-07 21:00:56,55990.0,bid
1570262,0.0089,2017-12-07 21:01:17,55989.0,bid
1570263,0.01786068,2017-12-07 21:01:51,55989.0,bid
1570264,0.00833787,2017-12-07 21:02:10,55865.0,ask
1570265,0.08362280000000001,2017-12-07 21:02:10,55863.0,ask
1570266,0.00980953,2017-12-07 21:02:10,55837.0304,ask
1570267,0.01790863,2017-12-07 21:04:46,55839.0,ask
1570268,0.26183418,2017-12-07 21:04:46,55837.0304,ask
1570269,0.0,2017-12-07 21:05:13,55837.0304,ask
1570270,0.00615492,2017-12-07 21:06:09,55837.0304,ask
1570271,0.00738777,2017-12-07 21:07:19,55898.0,bid
1570272,0.14407901,2017-12-07 21:07:30,55837.0304,ask
1570273,0.00253446,2017-12-07 21:07:31,55837.0304,ask
1570274,0.0191,2017-12-07 21:07:54,55837.0304,ask
1570275,0.52110008,2017-12-07 21:09:26,55837.0304,ask
1570276,0.017950099999999997,2017-12-07 21:10:39,55710.0,ask
1570277,0.03340796,2017-12-07 21:10:39,55700.0,ask
1570278,0.04864194,2017-12-07 21:10:39,55700.0,ask
1570279,0.02901515,2017-12-07 21:11:08,55700.0,ask
1570280,0.006999999999999999,2017-12-07 21:11:17,55600.0001,ask
1570281,0.02,2017-12-07 21:11:17,55600.0,ask
1570282,0.00475912,2017-12-07 21:11:17,55500.4601,ask
1570283,1.96824088,2017-12-07 21:11:17,55500.46,ask
1570284,0.00234611,2017-12-07 21:12:44,55501.0001,ask
1570285,0.00250381,2017-12-07 21:12:44,55501.0,ask
1570286,0.01133795,2017-12-07 21:12:49,55501.0,ask
1570287,0.01,2017-12-07 21:14:50,55600.0,bid
1570288,0.00934144,2017-12-07 21:14:50,55698.9999,bid
1570289,0.05569626,2017-12-07 21:14:50,55699.0,bid
1570290,0.44988477,2017-12-07 21:14:50,55700.0,bid
1570291,0.00646308,2017-12-07 21:14:50,55701.0,bid
1570292,0.00241339,2017-12-07 21:14:50,55710.0,bid
1570293,0.1,2017-12-07 21:14:50,55810.0,bid
1570294,0.1,2017-12-07 21:14:50,55837.02,bid
1570295,0.02694536,2017-12-07 21:14:50,55849.9974,bid
1570296,0.13605789,2017-12-07 21:14:50,55850.0,bid
1570297,0.00296745,2017-12-07 21:17:44,55501.0001,bid
1570298,0.00294137,2017-12-07 21:17:58,55501.0001,bid
1570299,0.29850813,2017-12-07 21:18:08,55501.0001,bid
1570300,0.00826698,2017-12-07 21:18:20,55501.0001,bid
1570301,0.00037804,2017-12-07 21:20:59,55501.0001,bid
1570302,0.01948935,2017-12-07 21:20:59,55501.0001,bid
1570303,0.12612385,2017-12-07 21:21:15,55501.0001,bid
1570304,0.09008847,2017-12-07 21:22:07,55501.0,ask
1570305,0.018000000000000002,2017-12-07 21:22:07,55500.0,ask
1570306,0.17909265,2017-12-07 21:22:07,55500.0,ask
1570307,0.00108363,2017-12-07 21:22:07,55500.0,ask
1570308,0.14452959,2017-12-07 21:22:07,55457.0,ask
1570309,0.006999999999999999,2017-12-07 21:22:07,55230.0001,ask
1570310,0.03621219999999999,2017-12-07 21:22:07,55230.0,ask
1570311,0.0362312,2017-12-07 21:22:07,55201.0,ask
1570312,0.18181488,2017-12-07 21:22:07,55001.0001,ask
1570313,0.30483439,2017-12-07 21:22:07,55001.0,ask
1570314,0.35,2017-12-07 21:22:07,55000.0,ask
1570315,0.1,2017-12-07 21:22:07,55000.0,ask
1570316,0.01118479,2017-12-07 21:22:07,54991.0,ask
1570317,0.12,2017-12-07 21:22:08,55501.0001,bid
1570318,0.03763893,2017-12-07 21:22:08,55501.0001,bid
1570319,0.04140754,2017-12-07 21:22:09,55501.0001,bid
1570320,0.53203035,2017-12-07 21:22:09,55501.0001,bid
1570321,0.006999999999999999,2017-12-07 21:22:17,54991.0,ask
1570322,0.12729819,2017-12-07 21:22:24,54989.0,bid
1570323,0.00597986,2017-12-07 21:22:58,54989.0,bid
1570324,0.00861111,2017-12-07 21:23:17,54945.5,ask
1570325,0.00367589,2017-12-07 21:23:17,54800.0001,ask
1570326,0.04562043,2017-12-07 21:23:17,54800.0,ask
1570327,0.05555555,2017-12-07 21:23:17,54790.0,ask
1570328,0.14,2017-12-07 21:23:17,54702.1,ask
1570329,0.28466258,2017-12-07 21:23:17,54702.03,ask
1570330,1.0,2017-12-07 21:23:17,54600.0,ask
1570331,0.30379385,2017-12-07 21:23:17,54521.0012,ask
1570332,0.00541166,2017-12-07 21:23:17,54512.0,ask
1570333,0.02752294,2017-12-07 21:23:17,54500.0,ask
1570334,0.00734619,2017-12-07 21:23:17,54450.0,ask
1570335,0.70085527,2017-12-07 21:23:17,54450.0,ask
1570336,0.03418713,2017-12-07 21:23:18,54407.7077,ask
1570337,0.11,2017-12-07 21:23:18,54400.0,ask
1570338,0.007291199999999999,2017-12-07 21:23:18,54312.0473,ask
1570339,0.00170549,2017-12-07 21:23:18,54300.16,ask
1570340,0.01843318,2017-12-07 21:23:18,54250.0,ask
1570341,0.00239081,2017-12-07 21:23:18,54200.0,ask
1570342,0.10590798,2017-12-07 21:23:18,54113.0,ask
1570343,0.03696858,2017-12-07 21:23:18,54100.0,ask
1570344,0.03703635,2017-12-07 21:23:18,54001.0,ask
1570345,0.01607928,2017-12-07 21:23:18,54001.0,ask
1570346,0.23316915,2017-12-07 21:23:26,54001.0,ask
1570347,0.05555556,2017-12-07 21:23:26,54000.0,ask
1570348,0.005,2017-12-07 21:23:26,54000.0,ask
1570349,0.2,2017-12-07 21:23:26,54000.0,ask
1570350,0.00185193,2017-12-07 21:23:26,54000.0,ask
1570351,0.0037037,2017-12-07 21:23:26,54000.0,ask
1570352,0.10855555,2017-12-07 21:23:26,54000.0,ask
1570353,0.12071372,2017-12-07 21:23:26,54000.0,ask
1570354,0.01782085,2017-12-07 21:23:26,54000.0,ask
1570355,0.00925926,2017-12-07 21:23:26,54000.0,ask
1570356,0.5562579000000001,2017-12-07 21:23:26,53931.8182,ask
1570357,0.00927644,2017-12-07 21:23:26,53900.0,ask
1570358,0.42527148,2017-12-07 21:23:52,53900.0,bid
1570359,0.27255,2017-12-07 21:23:55,53900.0,bid
1570360,0.12,2017-12-07 21:24:11,53900.0,bid
1570361,0.58748038,2017-12-07 21:24:24,53900.0,bid
1570362,0.6,2017-12-07 21:24:25,53900.0,bid
1570363,0.07167778,2017-12-07 21:24:34,53900.0,bid
1570364,0.3214243,2017-12-07 21:24:44,53900.0,bid
1570365,0.0732711,2017-12-07 21:25:17,54591.7805,bid
1570366,0.02682675,2017-12-07 21:25:17,54750.0,bid
1570367,0.11071962,2017-12-07 21:25:17,53901.0,ask
1570368,0.0,2017-12-07 21:25:21,53901.0,ask
1570369,0.04531216,2017-12-07 21:25:21,54750.0,bid
1570370,0.10911589999999999,2017-12-07 21:25:21,54987.9,bid
1570371,0.00398505,2017-12-07 21:25:35,54830.0,bid
1570372,0.00911926,2017-12-07 21:25:53,54829.0,bid
1570373,0.06564141,2017-12-07 21:26:07,54829.0,bid
1570374,0.030870099999999998,2017-12-07 21:26:23,54828.9,bid
1570375,0.03595895,2017-12-07 21:26:23,54829.0,bid
1570376,0.1,2017-12-07 21:26:23,54988.0,bid
1570377,0.49970512,2017-12-07 21:26:23,54989.0,bid
1570378,0.46292757,2017-12-07 21:26:52,54799.0,bid
1570379,0.13128738,2017-12-07 21:26:57,54799.0,bid
1570380,0.005,2017-12-07 21:27:06,54799.0,ask
1570381,0.03606898,2017-12-07 21:27:07,54989.0,bid
1570382,0.0128,2017-12-07 21:27:36,54500.0,ask
1570383,0.14,2017-12-07 21:27:36,54000.01,ask
1570384,0.09259259,2017-12-07 21:27:36,54000.0,ask
1570385,0.2,2017-12-07 21:27:36,54000.0,ask
1570386,0.02,2017-12-07 21:27:36,54000.0,ask
1570387,0.14228410000000002,2017-12-07 21:27:36,54000.0,ask
1570388,0.05252431,2017-12-07 21:27:52,54988.0,bid
1570389,0.01,2017-12-07 21:27:52,54988.9999,bid
1570390,0.11933119999999998,2017-12-07 21:27:52,54989.0,bid
1570391,0.139986,2017-12-07 21:28:03,54988.9,bid
1570392,0.11388941,2017-12-07 21:28:03,54989.0,bid
1570393,0.006999999999999999,2017-12-07 21:28:59,54989.0001,ask
1570394,0.04925404,2017-12-07 21:28:59,54989.0,ask
1570395,0.02220673,2017-12-07 21:28:59,54900.0,ask
1570396,0.01789534,2017-12-07 21:29:03,55850.0,bid
1570397,0.07400000000000001,2017-12-07 21:29:52,54988.0,bid
1570398,0.00182385,2017-12-07 21:30:05,54829.0,ask
1570399,0.02,2017-12-07 21:30:13,54988.0,bid
1570400,0.126,2017-12-07 21:30:38,54988.0,bid
1570401,0.05625404,2017-12-07 21:30:38,54989.0,bid
1570402,0.00492454,2017-12-07 21:30:56,54989.0001,bid
1570403,0.00727418,2017-12-07 21:30:57,54989.0,ask
1570404,0.0029239,2017-12-07 21:31:12,54989.0001,ask
1570405,0.09213845,2017-12-07 21:31:12,54989.0,ask
1570406,0.08817438,2017-12-07 21:31:14,55015.0,bid
1570407,0.2,2017-12-07 21:31:42,55250.0,bid
1570408,0.00766705,2017-12-07 21:32:29,55299.9999,bid
1570409,0.1,2017-12-07 21:32:29,55400.0,bid
1570410,0.02,2017-12-07 21:32:29,55500.0,bid
1570411,0.58536545,2017-12-07 21:32:29,55601.0,bid
1570412,0.18633946,2017-12-07 21:32:29,55699.9996,bid
1570413,0.002,2017-12-07 21:32:43,55250.0,ask
1570414,0.12219436,2017-12-07 21:32:43,55050.0,ask
1570415,0.035,2017-12-07 21:32:50,55050.0,bid
1570416,0.03006967,2017-12-07 21:32:57,55050.0,bid
1570417,0.13100382,2017-12-07 21:33:12,55299.9999,ask
1570418,0.00492454,2017-12-07 21:33:34,55015.0,ask
1570419,0.01833333,2017-12-07 21:33:34,54989.0,ask
1570420,0.03421571,2017-12-07 21:33:34,54800.0,ask
1570421,0.02466342,2017-12-07 21:33:34,54410.0,ask
1570422,0.11811999,2017-12-07 21:33:40,55299.9999,bid
1570423,0.1,2017-12-07 21:35:23,55500.0,bid
1570424,0.02466342,2017-12-07 21:35:23,55555.0,bid
1570425,0.1,2017-12-07 21:35:23,55600.0,bid
1570426,1.27533658,2017-12-07 21:35:23,55699.9996,bid
1570427,0.00719424,2017-12-07 21:35:53,55600.0,bid
1570428,0.00906618,2017-12-07 21:36:18,55150.0,ask
1570429,0.006999999999999999,2017-12-07 21:36:18,55000.0001,ask
1570430,0.2,2017-12-07 21:36:18,54431.0,ask
1570431,0.3,2017-12-07 21:36:18,54430.0,ask
1570432,0.5,2017-12-07 21:36:18,54420.0,ask
1570433,1.5658097,2017-12-07 21:36:18,54415.0,ask
1570434,0.13,2017-12-07 21:36:18,54411.0,ask
1570435,0.03597834,2017-12-07 21:36:38,55600.0,bid
1570436,0.1937181,2017-12-07 21:38:29,55479.0,bid
1570437,0.03604903,2017-12-07 21:38:40,55400.0,bid
1570438,0.06395097,2017-12-07 21:39:32,55400.0,bid
1570439,0.0062819,2017-12-07 21:39:32,55479.0,bid
1570440,0.1,2017-12-07 21:39:32,55500.0,bid
1570441,0.1,2017-12-07 21:39:32,55500.0001,bid
1570442,0.18976713,2017-12-07 21:39:32,55554.0,bid
1570443,0.00204884,2017-12-07 21:39:33,55100.0,ask
1570444,0.03610108,2017-12-07 21:40:47,55400.0,ask
1570445,0.03540646,2017-12-07 21:42:17,55400.0,bid
1570446,0.04631586,2017-12-07 21:42:17,55499.9996,bid
1570447,0.1,2017-12-07 21:42:17,55500.0,bid
1570448,0.09486699,2017-12-07 21:42:17,55554.0,bid
1570449,0.17986258,2017-12-07 21:42:17,55598.0,bid
1570450,0.0069965,2017-12-07 21:42:17,55599.9999,bid
1570451,0.03075435,2017-12-07 21:42:17,55600.0,bid
1570452,0.04575878,2017-12-07 21:42:17,55700.0,bid
1570453,0.00486118,2017-12-07 21:42:49,55650.0,bid
1570454,0.00132407,2017-12-07 21:44:48,55645.0,bid
1570455,0.00508915,2017-12-07 21:45:14,55645.0,bid
1570456,0.0539,2017-12-07 21:45:15,55645.0,bid
1570457,0.06182005,2017-12-07 21:45:22,55645.0,bid
1570458,0.19929928,2017-12-07 21:45:22,55649.0,bid
1570459,0.03360746,2017-12-07 21:47:02,55649.0,bid
1570460,0.02,2017-12-07 21:47:02,55649.0,bid
1570461,0.02265071,2017-12-07 21:47:02,55650.0,bid
1570462,0.03558652,2017-12-07 21:47:35,55650.0,bid
1570463,0.00508391,2017-12-07 21:47:59,55650.0,bid
1570464,0.00910345,2017-12-07 21:48:53,55650.0,bid
1570465,0.24423098,2017-12-07 21:49:29,55351.03,ask
1570466,0.1,2017-12-07 21:49:35,55650.0,bid
1570467,0.0,2017-12-07 21:50:01,55351.0301,ask
1570468,0.00506581,2017-12-07 21:50:53,55625.0,bid
1570469,0.006999999999999999,2017-12-07 21:53:24,55351.0301,ask
1570470,0.05,2017-12-07 21:53:42,55500.0,bid
1570471,0.29493419,2017-12-07 21:53:44,55590.0,bid
1570472,0.00464901,2017-12-07 21:53:44,55600.0,bid
1570473,0.00204599,2017-12-07 21:55:18,55355.0,ask
1570474,0.0034,2017-12-07 21:55:27,55455.0,bid
1570475,0.02704973,2017-12-07 21:56:27,55455.0,bid
1570476,0.07262706,2017-12-07 21:57:39,55455.0,bid
1570477,0.1,2017-12-07 21:57:39,55555.5555,bid
1570478,0.0069965,2017-12-07 21:58:34,55555.5554,bid
1570479,0.1,2017-12-07 21:59:10,55649.0,bid
1570480,0.24420655,2017-12-07 21:59:19,55649.01,bid
1570481,0.17658538,2017-12-07 21:59:41,55555.5554,ask
1570482,0.07735612,2017-12-07 22:00:08,55650.0,bid
1570483,0.0445,2017-12-07 22:00:08,55650.0,bid
1570484,0.00298343,2017-12-07 22:01:00,55650.0,bid
1570485,0.129961,2017-12-07 22:01:00,55650.0,bid
1570486,0.02218896,2017-12-07 22:01:12,55750.0,bid
1570487,0.015,2017-12-07 22:01:17,55601.0,ask
1570488,0.052396500000000006,2017-12-07 22:01:20,55800.0,bid
1570489,0.34604677,2017-12-07 22:01:20,55850.0,bid
1570490,0.8,2017-12-07 22:01:20,55900.0,bid
1570491,0.52350786,2017-12-07 22:01:20,55983.0,bid
1570492,0.08931283,2017-12-07 22:02:00,55983.0,bid
1570493,0.24043093,2017-12-07 22:02:00,55983.0,bid
1570494,0.07742526,2017-12-07 22:02:10,55983.0,bid
1570495,0.0089803,2017-12-07 22:02:33,55677.4,ask
1570496,0.07707767,2017-12-07 22:02:45,55982.0,bid
1570497,0.03314062,2017-12-07 22:03:39,55982.0,bid
1570498,0.01,2017-12-07 22:06:03,55981.0,bid
1570499,0.02595475,2017-12-07 22:08:12,55602.0004,ask
1570500,0.16439516,2017-12-07 22:10:34,55949.999,bid
1570501,0.10371977,2017-12-07 22:11:53,55949.999,ask
1570502,0.30614947,2017-12-07 22:12:43,55680.0,ask
1570503,0.14298602,2017-12-07 22:12:43,55625.0,ask
1570504,0.2,2017-12-07 22:13:07,55681.0,bid
1570505,0.02595475,2017-12-07 22:14:17,55949.9991,bid
1570506,0.0402752,2017-12-07 22:14:17,55949.9991,bid
1570507,0.02227017,2017-12-07 22:14:22,55949.9991,ask
1570508,1e-08,2017-12-07 22:14:33,55949.9991,ask
1570509,0.0178731,2017-12-07 22:15:41,55949.9995,bid
1570510,0.09023088,2017-12-07 22:15:41,55949.9991,ask
1570511,0.05969132,2017-12-07 22:16:21,55650.0,ask
1570512,0.023600599999999996,2017-12-07 22:16:23,55949.9991,bid
1570513,0.00893655,2017-12-07 22:16:23,55949.9995,bid
1570514,0.0025,2017-12-07 22:16:23,55949.9999,bid
1570515,0.09,2017-12-07 22:16:23,55950.0,bid
1570516,0.06545057,2017-12-07 22:16:23,55979.0,bid
1570517,0.03997744,2017-12-07 22:16:23,55980.0,bid
1570518,0.05890357,2017-12-07 22:16:23,55981.0,bid
1570519,0.06932312,2017-12-07 22:16:23,55983.0,bid
1570520,0.08795177,2017-12-07 22:16:23,55985.0,bid
1570521,0.09986,2017-12-07 22:19:24,55801.1645,ask
1570522,0.1,2017-12-07 22:19:41,55984.9999,ask
1570523,0.0545,2017-12-07 22:19:47,55984.9999,ask
1570524,0.013000000000000001,2017-12-07 22:19:47,55837.932,ask
1570525,0.006999999999999999,2017-12-07 22:19:47,55801.1646,ask
1570526,0.01491575,2017-12-07 22:19:47,55801.1645,ask
1570527,0.034198599999999996,2017-12-07 22:19:58,55801.1645,ask
1570528,0.16854439999999998,2017-12-07 22:20:50,55805.1645,bid
1570529,0.00268792,2017-12-07 22:21:12,55805.1645,bid
1570530,0.06445173,2017-12-07 22:21:40,55805.1645,bid
1570531,0.02748227,2017-12-07 22:21:40,55900.0,bid
1570532,0.14971742,2017-12-07 22:22:11,55815.1644,ask
1570533,0.15341841,2017-12-07 22:22:24,55805.1645,bid
1570534,0.29406906,2017-12-07 22:22:24,55900.0,bid
1570535,0.16525387,2017-12-07 22:22:41,55900.0,bid
1570536,0.92318916,2017-12-07 22:22:41,55980.0,bid
1570537,0.21501619,2017-12-07 22:22:52,55980.0,bid
1570538,0.00267582,2017-12-07 22:23:21,55805.1644,ask
1570539,0.05359057,2017-12-07 22:23:25,55980.0,bid
1570540,0.06818188,2017-12-07 22:24:17,55979.0,bid
1570541,0.18008008,2017-12-07 22:24:17,55980.0,bid
1570542,0.006997199999999999,2017-12-07 22:24:17,55984.9999,bid
1570543,0.22703627,2017-12-07 22:24:17,55985.0,bid
1570544,0.15057246,2017-12-07 22:24:54,55985.0,bid
1570545,0.17862565,2017-12-07 22:25:14,55983.0,bid
1570546,0.14183438,2017-12-07 22:25:37,55983.0,bid
1570547,0.01160043,2017-12-07 22:25:37,55985.0,bid
1570548,0.0078592,2017-12-07 22:26:37,55985.0,bid
1570549,0.50497987,2017-12-07 22:27:13,55985.0,bid
1570550,0.56062731,2017-12-07 22:27:13,55986.0,bid
1570551,0.01702211,2017-12-07 22:27:17,55986.0,bid
1570552,0.1,2017-12-07 22:27:41,55986.0,bid
1570553,0.018000000000000002,2017-12-07 22:28:10,55986.0,bid
1570554,0.0017732,2017-12-07 22:28:16,55985.0,ask
1570555,0.02186693,2017-12-07 22:28:46,55985.0,bid
1570556,0.0017732,2017-12-07 22:28:46,55985.0,bid
1570557,0.07635987,2017-12-07 22:28:46,55986.0,bid
